3138 5178
682 489 897 552 „72-

228 661 287 726 ubi
311 660 467 727 ultimum
492 664 630 728 verbum
654 661 726 728 sine
749 661 850 728 dubio
873 661 998 728 alludit
1029 661 1072 728 ad
1104 663 1355 728 substantivum

232 764 431 850 „meretrix“
456 765 544 833 idem
558 769 560 774 '
575 767 680 832 affert
704 765 816 832 Taciti
839 765 928 832 Hist.
945 766 1039 849 130,
1070 766 1128 833 ubi
1150 765 1229 833 Piso
1253 765 1355 852 adop-

192 869 195 873 ’
227 874 325 937 11111
348 891 369 936 a
393 869 504 938 Galba
534 895 608 938 cum
631 871 796 938 aliatum
819 870 901 937 haec
931 871 1015 938 dicit
1045 871 1086 938 de
1109 871 1242 938 Othone
1265 871 1355 960 apud

227 973 371 1042 milites:
398 973 578 1059 „habitune
601 980 636 1042 et
660 976 792 1043 incessu
814 997 858 1042 an
881 975 941 1042 illo
962 976 1118 1043 muliebri
1141 980 1266 1043 ornatu
1287 998 1354 1042 me-

228 1083 365 1147 reretur
388 1081 604 1169 imperinm“,
636 1082 709 1165 ubi,
734 1081 882 1148 simodo
906 1081 1056 1174 respexit
1077 1081 1266 1165 Lucanum„
1290 1081 1355 1148 Ta-

228 1185 316 1252 citus
338 1186 432 1254 acuit
462 1187 697 1268 sententiam,‘
717 1207 817 1273 quam
848 1185 1030 1256 transtulit
1060 1184 1104 1251 ad
1135 1185 1262 1269 virum,
1298 1185 1357 1252 sed

230 1311 328 1376 qnam
358 1290 521 1378 explicuit
543 1314 660 1358 rursns
685 1290 803 1357 addito
835 1293 938 1358 verbo
964 1289 1144 1381 „muliebri
1164 1293 1305 1357 ornatu“
1321 1290 1355 1376 ¹).

229 1395 393 1482 Denique,
416 1396 614 1484 priusquam
636 1395 679 1462 ad
703 1400 818 1463 cetera
842 1395 1086 1482 transgredior„
1118 1417 1220 1461 unum
1242 1395 1356 1463 (iude-

229 1500 344 1566 manni
367 1501 506 1566 afferam
523 1500 642 1583 locum,
653 1495 657 1521 ⁸
667 1501 759 1566 euius
775 1501 978 1566 mentionem
994 1500 1077 1566 feeit
1092 1500 1128 1565 in
1143 1501 1356 1586 praefatione

229 1604 413 1690 Agricolae
437 1604 596 1672 editionis
621 1607 664 1693 (p.
681 1605 746 1688 28).
786 1608 836 1671 Ac
859 1606 1013 1692 profecte
1037 1603 1213 1671 fatendum
1236 1609 1289 1672 est
1311 1604 1357 1670 si-

229 1708 371 1774 millima
394 1731 466 1776 esse
488 1712 702 1797 argumenta,
726 1709 883 1794 neglecta
906 1719 1019 1776 tamen
1042 1709 1264 1778 similitudine
1279 1732 1354 1777 ver-

232 1816 358 1880 borum.
404 1814 534 1901 Agitur
569 1800 657 1880 enim
688 1818 812 1902 quarto
836 1814 963 1881 Lucani
994 1814 1083 1881 libro
1115 1815 1156 1880 de
1190 1814 1355 1881 militibus

149 1945 151 1950 ·
205 1970 208 1977 .
230 1919 370 2007 Pompei
392 1921 428 1984 et
444 1917 599 1986 Caesaris
623 1919 666 1985 ad
678 1919 826 1986 Ilerdam
849 1941 963 2006 paoem
980 1923 1015 1986 et
1031 1919 1215 1986 amicitiam
1229 1919 1357 1986 facien·

229 2023 322 2090 tibus
345 2022 394 2109 (n
410 2025 472 2088 196
484 2027 568 2112 sqq.)
733 2017 735 2022 ’

215 2193 217 2200 ⁴
272 2167 339 2232 pax
363 2149 446 2228 erat,
471 2151 507 2213 et
529 2147 625 2212 miles
649 2147 817 2214 eastris
840 2147 1083 2234 permixtus
1106 2148 1312 2235 utrisque

273 2251 469 2334 errabat;
495 2252 579 2318 duro
603 2251 785 2318 concordes
809 2252 957 2340 caespite
980 2273 1111 2318 mensas

275 2355 464 2423 instituunt
486 2360 523 2423 et
544 2357 715 2444 permixto
739 2357 901 2423 libamina
924 2355 1071 2440 Baechc;

278 2449 586 2546 graminei'luxere
609 2461 687 2544 foci,
711 2461 892 2550 iunctoque
915 2460 1016 2527 cubili

278 2565 430 2632 extrahit
452 2565 614 2634 insomnis
638 2565 805 2633 bellorum
826 2565 944 2631 fabula
965 2565 1129 2650 noctes‚²)

277 2691 344 2756 qno
367 2671 510 2756 primum
534 2671 699 2737 steterint
723 2692 848 2756 campe„
872 2691 939 2756 qua
961 2669 1079 2736 lancea
1102 2666 1225 2736 dextra

279 2773 410 2840 exierit.
446 2775 545 2857 Dum„
569 2796 675 2861 qnae
694 2778 930 2862 gesserunt
950 2774 1102 2855 fortia,
1126 2775 1314 2856 iactant„
1405 2839 1408 2844 ,

194 2901 196 2905 ”
280 2882 315 2944 11
338 2877 416 2945 dum
437 2879 547 2946 multa
568 2881 706 2974 negant„
730 2878 819 2966 quod
843 2879 950 2945 solum
973 2879 1048 2946 fata
1069 2880 1242 2968 petebant,

278 2987 330 3049 est
352 2984 481 3051 miseris
505 2987 671 3050 renovata
694 2984 777 3050 fides
802 2985 905 3049 ....“

323 3105 407 3172 Cum
427 3107 479 3173 his
503 3107 636 3171 confert
660 3107 772 3174 verbis
796 3105 971 3173 Gudeman
995 3105 1107 3171 Taciti
1130 3105 1360 3188 narrationem

233 3213 319 3298 Agr.
332 3212 389 3276 25:
407 3211 552 3297 (geritur
570 3216 665 3279 terra
677 3209 777 3276 simul
792 3210 944 3298 marique
960 3209 1099 3297 bellum)
1124 3211 1242 3296 „(cum)
1260 3232 1361 3297 saepe

233 3317 363 3383 isdem
387 3317 556 3382 castris
580 3314 681 3400 pedes
704 3337 871 3402 equesque
890 3318 926 3381 et
941 3315 1098 3381 nauticus
1114 3315 1209 3382 miles
1231 3315 1360 3382 mixti

233 3421 338 3509 copiis
360 3429 396 3486 et
418 3420 555 3486 laetitia
579 3441 652 3486 sua
676 3421 852 3506 quisque
875 3411 1016 3502 facta„
1041 3441 1117 3486 suos
1139 3441 1236 3486 casus
1254 3420 1359 3486 attol-

326 3625 352 3691 1)
379 3623 505 3677 Ceterum
526 3625 598 3676 haec*
613 3637 720 3690 qnoque
740 3623 828 3676 oratio
853 3621 975 3675 abundat
994 3622 1090 3675 alienis
1109 3621 1239 3676 flosculis.
1276 3623 1359 3692 „Per-

233 3714 302 3767 dere
319 3714 371 3765 iste
390 3714 466 3777 sciet„
487 3711 590 3765 donare
609 3714 727 3766 nesciet“
758 3712 816 3764 sine
835 3710 917 3764 dubio
944 3712 1067 3778 respexit
1086 3711 1145 3763 Liv.
1160 3714 1202 3778 22,
1217 3714 1264 3764 51:
1287 3711 1361 3780 „vin·
1431 3783 1435 3788 „

237 3819 300 3858 cere
318 3804 381 3868 scis,
400 3801 546 3868 Hannibal,
566 3802 681 3854 victoria
694 3801 735 3854 uti
747 3802 862 3855 nescis“.
883 3801 1037 3870 (Heraeus).
1060 3800 1251 3869 „Feminarum
1265 3806 1360 3855 coetus

233 3892 319 3947 volvit
345 3892 450 3944 111111ιι
480 3905 530 3944 nos
559 3889 686 3944 admonet
716 3890 817 3958 Vergili
844 3889 1026 3943 1111111157
1058 3904 1224 3957 „caecosque
1251 3889 1359 3944 volutat

234 3987 346 4036 eventus
366 3982 456 4034 animo
475 3982 592 4034 seeum“.
630 3979 698 4033 Tum
720 3994 814 4046 „nemo
844 3980 914 4032 enim
940 3994 1060 4046 unquam
1084 3979 1227 4046 imperium
1253 3978 1360 4046 flagitio

234 4071 389 4140 quaesitum
406 4071 485 4123 bonis
505 4070 610 4123 artibus
631 4069 770 4123 exercuit“
790 4067 910 4122 fortasse
930 4066 1029 4120 alludit
1048 4066 1083 4121 ad
1096 4067 1220 4122 Sallustii
1233 4068 1291 4122 Cat.
1305 4070 1359 4136 2,4

235 4177 315 4230 „nam
333 4161 475 4229 imperium
495 4158 577 4212 facile
596 4158 636 4212 eis
655 4159 761 4212 artibus
780 4158 924 4225 retinetur,
945 4157 1043 4224 quibus
1062 4157 1140 4209 initio
1160 4164 1270 4225 partum
1288 4158 1359 4212 est“.

233 4251 275 4304 De
295 4249 385 4304 verbis
407 4265 509 4316 „vacua
528 4249 652 4302 1111111α
674 4262 759 4316 supra
777 4247 830 4300 iam
850 4261 908 4300 sum
928 4246 1028 4299 locuta.

325 4340 353 4408 2)
375 4339 415 4392 De
436 4338 487 4391 hoo
507 4337 613 4390 Lucani
632 4353 713 4391 versu
729 4335 790 4389 vide
809 4334 884 4388 infra
902 4351 963 4404 pag.
984 4337 1018 4388 88
1029 4351 1069 4403 sq.
