3138 5178
739 459 955 526 -54-

374 633 431 700 Ad
454 633 556 702 chum
580 637 719 701 transeo
741 633 871 701 Lucani
893 632 1018 716 locum,
1051 655 1148 722 quem
1172 638 1339 702 mutatum
1363 632 1415 698 in-

212 751 216 758 “
286 738 398 806 seruit
421 737 559 806 Tacitus
592 761 651 806 suo
683 738 786 826 operi.
833 737 906 805 Hie
938 739 1025 806 enirn
1056 739 1164 826 primo
1192 738 1416 806 historiarum

239 915 241 919 ,
285 843 374 911 libro
398 846 482 930 (cap.
506 844 561 926 86)
586 847 761 912 enumerat
783 843 939 931 prodigia
971 866 1009 911 eo
1032 849 1183 932 tempore
1205 844 1309 925 facta,
1338 865 1416 910 cum

231 989 233 994 ,
286 949 378 1016 inter
413 947 579 1016 Othonem
617 952 654 1015 et
687 948 894 1017 Vitellianos
931 950 998 1015 iam
1036 950 1077 1017 de
1115 971 1244 1017 summa
1279 947 1416 1036 imperii

285 1058 442 1142 coeptum
465 1058 540 1121 erat
562 1053 726 1136 dimicari,
758 1076 776 1120 e
800 1077 941 1141 quorum
962 1078 1101 1122 numero
1125 1055 1225 1122 valde
1248 1057 1323 1121 erat
1345 1075 1414 1120 me·

285 1159 458 1228 morabilis
475 1159 607 1226 Tiberis
623 1159 800 1226 inundatio
811 1166 827 1224 :'
846 1159 1072 1247 „Praecipuus
1097 1211 1128 1229 .,
1147 1211 1154 1225 .
1178 1181 1284 1246 pavor
1299 1158 1417 1226 subita

285 1263 505 1332 inundatione
529 1263 673 1346 Tiberis,
708 1263 765 1352 qui
787 1285 854 1330 non
876 1263 974 1331 modo
998 1264 1197 1336 iacentia
1221 1268 1263 1331 et
1285 1263 1417 1354 plana

284 1368 383 1434 urbis
402 1366 494 1452 loca,
527 1369 586 1435 sed
617 1388 735 1435 secura
757 1368 921 1435 eiusmodi
944 1391 1084 1450 casuum,
1100 1368 1287 1456 implevit“.
1340 1367 1417 1452 ,Ia-

287 1471 417 1540 centia·“
454 1473 517 1540 hoc
546 1473 620 1540 loco
653 1472 738 1538 nihil
770 1473 863 1540 aliud
896 1478 949 1542 est
970 1475 1038 1540 nisi
1065 1478 1218 1542 nostrum
1251 1473 1337 1556 ,tief
1356 1495 1416 1560 ge·

285 1578 425 1667 legen“,
454 1601 551 1667 quem
574 1580 677 1646 verbo
701 1601 834 1646 sensum
856 1579 990 1665 saepius
1014 1581 1153 1646 subesse
1177 1581 1327 1660 constat,
1361 1577 1418 1644 ita

285 1687 410 1766 tamen,
445 1686 486 1749 ut
507 1683 704 1771 plerumque
736 1688 951 1771 opponantur
975 1677 1120 1767 ,edita
1143 1683 1269 1751 looa“.
1313 1682 1417 1748 Nude

285 1789 436 1876 positum
445 1810 524 1856 raro
533 1789 709 1854 invenitur
718 1788 816 1856 velut
825 1789 915 1877 apud
924 1789 1114 1876 Vergilium
1125 1788 1280 1855 Aen.III
1290 1789 1354 1854 688
1362 1811 1416 1876 sq.
1456 1779 1460 1788 ⁴

285 1901 384 1980 quem
407 1895 516 1960 locum
539 1892 662 1960 attulit
684 1892 856 1960 Heraeus:
1223 1886 1227 1890 ’

746 2017 825 2084 vivo
847 2017 1090 2104 praetervehor
1114 2018 1202 2085 ostia
1224 2036 1305 2090 saxo

333 2121 523 2208 Pantagiae
538 2120 760 2209 Megarosque
783 2122 874 2188 sinus
890 2122 1126 2210 Thapsumque
1149 2124 1369 2189 iacentem.

284 2243 384 2312 Nunc
414 2245 586 2326 conferas,
619 2266 761 2333 quaeso,
799 2245 927 2312 Lucani
948 2245 1031 2312 libri
1053 2245 1196 2312 alterius
1219 2268 1251 2313 v.
1275 2225 1437 2325 elom,

285 2348 344 2436 qui
368 2360 447 2416 sunt
471 2349 512 2416 de
534 2350 684 2417 Eridano
706 2350 842 2417 flumine
866 2373 1000 2417 versus:

352 2494 419 2538 non
441 2471 550 2538 minor
571 2473 625 2540 hio
647 2473 737 2554 Nilo,
762 2461 880 2541 sinon
902 2455 1133 2562 perplana
1155 2473 1352 2539 iacentis

351 2576 679 2665 AegyptiLibycas
703 2577 802 2644 Nilus
827 2581 1006 2664 stagnaret
1028 2577 1206 2645 harenas·

286 2699 435 2766 Haskins
457 2703 564 2767 verba
596 2723 675 2789 ,per
697 2701 799 2789 plana
820 2701 982 2767 iacentis“
1014 2701 1269 2789 interpretatur
1295 2699 1413 2784 ,level,

284 2804 379 2883 aar,
403 2809 519 2872 censet
540 2805 650 2892 igitur
683 2813 762 2892 „per
783 2804 905 2893 plana“
938 2805 1108 2893 explicare
1141 2809 1177 2872 et
1200 2806 1415 2892 distinguere

245 2985 247 2990 ,
284 2912 425 2976 verbum
452 2909 644 2994 ,iacentis“.
689 2909 745 2977 Sic
766 2911 918 2996 quamvis
941 2910 1032 3002 nihil·
1051 2913 1175 2992 obstet,
1200 2911 1282 2998 quin
1302 2911 1415 2977 locum

286 3014 504 3102 explicemus
538 3014 694 3101 praefero
717 3020 846 3108 tamen,
880 3015 969 3102 quod
992 3015 1103 3082 voluit
1126 3014 1318 3097 Francken,
1354 3016 1415 3101 qui

289 3119 637 3206 ,iacentisAegypti“
664 3119 853 3207 dependere
874 3118 915 3185 de
929 3121 1035 3186 verbo
1060 3120 1199 3207 ,plana“
1225 3119 1413 3200 contendit,

285 3228 325 3290 nt
340 3224 433 3292 locus
450 3225 499 3291 sit
514 3223 731 3310 explicandus
744 3249 750 3288 :
778 3224 933 3309 ,passim
956 3247 1017 3312 per
1033 3246 1145 3291 omnes
1161 3224 1279 3311 planas
1295 3227 1415 3310 partes

284 3329 437 3412 iacentis,
459 3327 496 3393 id
518 3331 573 3395 est
595 3328 784 3416 depressae,
820 3329 978 3416 Aegypti
1000 3327 1101 3396 Nilus
1125 3328 1307 3396 exundat“.
1353 3329 1412 3393 Vi·

286 3428 422 3500 deamus
447 3433 549 3515 enim,
583 3432 665 3521 quid
695 3433 824 3500 sentiat
845 3433 1019 3499 Lucanus:
1055 3433 1239 3521 Comparat
1263 3433 1328 3500 dno
1350 3433 1414 3498 flu-

288 3605 438 3660 synouyma
464 3591 537 3644 inter
562 3605 591 3644 se
621 3590 761 3658 coniungit
780 3592 850 3644 Anu.
870 3589 920 3644 XV
932 3593 966 3645 64
986 3590 1121 3668 „durante
1146 3597 1237 3645 tractu
1256 3597 1283 3645 et
1301 3591 1416 3645 lentitu-

286 3678 349 3734 dine
368 3679 489 3733 mortis“.
528 3679 625 3748 Itaque
644 3693 704 3732 cum
724 3678 924 3733 substantivum
942 3681 1053 3734 verbale
1068 3686 1173 3734 tractus
1193 3679 1267 3749 apud
1280 3681 1415 3735 neminem

286 3768 340 3822 nisi
358 3767 483 3821 Tacitum
509 3773 537 3821 et
556 3766 698 3821 Lucanum
716 3765 750 3820 dc
769 3767 841 3822 bello
865 3774 1027 3836 usurpatum
1046 3769 1154 3834 inveni,
1171 3767 1256 3823 haud
1281 3769 1416 3824 absonum

285 3857 352 3910 mihi
379 3855 488 3910 videtur
514 3856 590 3910 illum
616 3856 651 3910 ab
680 3857 731 3911 hoc
751 3857 843 3924 aliquo
870 3855 950 3911 modo
976 3856 1103 3926 pendere.
1142 3861 1183 3912 Ac
1202 3863 1298 3912 contra
1317 3858 1341 3911 si
1359 3857 1415 3910 Lu-

252 4009 253 4014 ,
284 3945 370 4001 cauus
390 3946 415 4000 ll
429 3949 482 4001 630
500 3946 622 4000 nominat
648 3947 1059 4013 „immensistractibns
1078 3948 1189 4016 Alpes“‚
1209 3947 1321 4001 Tacitus
1340 3948 1415 4003 Anu.

285 4036 363 4090 1123
381 4035 448 4090 dicit
467 4034 501 4089 de
520 4041 614 4088 austro
633 4036 699 4102 „qui
806 4036 971 4092 immenso
990 4036 1103 4090 nubium
1121 4042 1245 4090 tractu
1263 4036 1370 4090 validus
1386 4042 1417 4090 et

284 4127 376 4194 rigore
394 4125 475 4178 vicini
493 4124 690 4194 septentrionis
703 4123 841 4179 horridior
853 4125 948 4194 rapuit
966 4167 991 4179 ..
1009 4167 1014 4178 .
1034 4129 1143 4192 naves“,
1163 4127 1247 4179 verba
1260 4142 1320 4178 cum
1332 4131 1409 4180 certe
1435 4141 1439 4148 ·

290 4216 345 4270 sint
364 4215 471 4282 similia,
491 4229 587 4268 sensus
606 4221 697 4268 tamen
716 4219 861 4281 tantopere
880 4214 1027 4283 discrepat,
1048 4221 1150 4268 utnon
1169 4213 1251 4268 facile
1270 4215 1416 4282 quisquam

287 4303 383 4358 credet
402 4303 522 4372 pendere
541 4303 657 4358 alterum
678 4303 712 4357 ab
732 4304 829 4356 altero.

1291 4404 1299 4435 t
