3138 5178
776 537 994 602 -6(),.

312 706 314 710 ’
406 710 491 776 Inde
514 731 535 776 a
557 732 659 778 versu
682 710 747 776 250
770 709 904 797 septimi
924 709 1056 776 'Lucani
1078 709 1159 776 libri
1192 708 1311 796 incipit
1330 669 1445 775 'oratio

271 819 276 826 ’
321 814 492 898 Caesaris,
528 837 629 904 quam
660 819 740 882 ante
772 814 879 903 ipsam
908 837 1056 902 pugnam
1087 814 1294 882 commissam
1327 813 1446 880 habuit

319 920 410 1008 apud
433 920 646 987 exercitumz·
877 960 891 1006 5

407 1065 427 1110 o
450 1041 597 1109 domitor
619 1042 743 1127 mundi,
767 1065 879 1110 rerum
901 1043 1043 1110 fortuna
1063 1065 1213 1110 mearum

406 1147 512 1230 miles,
537 1147 635 1215 adest
656 1148 826 1221 totiens
851 1151 1032 1236 optatae
1056 1147 1152 1235 copia
1174 1170 1349 1234 pugnae.

248 1293 255 1306 ·
319 1268 523 1338 continetur
546 1292 624 1359 cap.
648 1271 691 1336 25
723 1271 836 1359 quarti
860 1270 1031 1338 annalium
1063 1270 1144 1336 libri
1175 1270 1332 1338 narratio
1364 1269 1448 1337 belli

318 1378 439 1443 contra
462 1375 642 1442 Numidam
664 1376 918 1443 Tacfarinatem
940 1377 976 1442 in
998 1375 1118 1462 Africa
1141 1375 1240 1462 gesti.
1286 1375 1356 1441 Diu
1377 1375 1446 1442 Ro-

317 1481 417 1562 mani,
442 1484 481 1546 ut
505 1480 630 1547 Caesar
654 1480 743 1568 apud
765 1481 953 1564 Lucanum,
990 1481 1089 1547 hoste
1119 1481 1277 1547 continuo
1301 1501 1449 1566 pugnam

319 1583 534 1653 detrectante
556 1584 641 1652 nihil
672 1585 916 1673 proficiebantl,
951 1608 1024 1652 cum
1046 1587 1184 1653 tandem
1214 1584 1380 1652 Numidae
1411 1585 1449 1650 in

317 1690 424 1756 aciem
455 1711 491 1756 se
514 1691 754 1757 commiserunt
785 1693 821 1757 at
856 1690 1025 1774 ,infensus
1052 1690 1148 1758 miles
1172 1690 1331 1757 memoria
1352 1689 1447 1756 labo·

243 1837 250 1844 s
317 1817 392 1860 rum
416 1797 451 1862 et
473 1795 654 1862 adversum
685 1795 852 1862 eludentis
885 1800 1064 1884 optatae
1087 1796 1255 1863 totiens
1278 1815 1448 1883 pugnae

317 1923 353 1967 se
376 1899 517 1987 quisque
539 1900 671 1968 ultione
703 1904 740 1966 et
771 1901 933 1987 sanguine
968 1902 1182 1990 explebant“.
1229 1900 1314 1967 Veri
1336 1899 1449 1966 simile·

319 2027 392 2071 esse
408 2004 547 2072 videtur
561 2005 716 2070 Tacitum
733 2004 932 2092 respexisse,
956 2027 1029 2072 cum
1052 1993 1217 2072 scriberet
1232 2005 1315 2072 haec
1331 2007 1446 2088 verba,

243 2117 245 2123 ’
317 2109 447 2175 Lucani
468 2095 626 2191 uersus¹).
741 2118 745 2122 ’
1341 2093 1366 2179 'f

325 2259 327 2263 -
404 2213 564 2282 Proxima
596 2237 727 2304 quoque
760 2217 865 2281 verba
897 2215 1067 2281 eLucani
1090 2219 1170 2282 sunt
1203 2224 1337 2303 sumpta
1370 2238 1447 2282 ora-

315 2319 419 2396 tione,
444 2319 556 2386 Taciti
578 2321 709 2387 inserta
732 2321 889 2403 orationi,
913 2320 1011 2392 unde.
1047 2320 1114 2386 nisi
1136 2320 1225 2387 falsa
1248 2319 1358 2396 ducor¹
1374 2321 1446 2408 opi-

316 2424 426 2506 nione,
449 2424 715 2492 luculentissime
731 2430 874 2514 apparet
890 2419 1045 2492 Tacitum
1061 2425 1224 2511 imprimis
1241 2425 1448 2492 admiratum
1471 2421 1476 2431 ”

316 2551 355 2611 ac
385 2535 535 2596 secutum
569 2552 642 2597 esse
664 2529 837 2596 Lucanum
869 2533 1050 2597 oratorem.
1092 2529 1199 2612 Otho,
1238 2552 1310 2596 cum
1340 2551 1448 2616 prope

319 2633 520 2700 seditionem
543 2637 682 2702 ventum
704 2640 795 2701 esset
818 2633 972 2716 militum,
995 2659 1062 2710 non
1086 2636 1233 2702 alienum
1256 2657 1327 2701 esse
1349 2638 1448 2702 ratus

317 2738 407 2824 apud
441 2732 684 2806 commilitones
715 2739 839 2806 habere
874 2740 1078 2818 orationem,
1112 2741 1148 2805 in
1180 2762 1220 2807 ea
1250 2739 1332 2806 haec
1361 2739 1448 2805 fecit

221 2913 226 2924 ,
315 2843 436 2911 verba:
470 2843 572 2930 (Hist.
591 2842 681 2930 184)
716 2843 850 2928 „Ulline
872 2843 997 2910 Italiae
1029 2845 1156 2911 alumni
1190 2848 1227 2911 et
1252 2845 1448 2910 *Romana

314 2971 417 3016 vera
449 2948 655 3015 iuventus
689 2948 740 3014 ad
772 2949 1023 3034 sanguinem
1058 2953 1100 3017 et
1132 2949 1301 3016 caedem
1324 2948 1447 3038 depo·

315 3054 514 3142 poscerit
538 3053 747 3136 ordinem,
783 3053 879 3120 cuius·
909 3054 1087 3142 splendore
1119 3058 1154 3121 et
1184 3053 1298 3142 gloria¹
1327 3055 1468 3140 sordes,

315 3162 352 3224 et
383 3159 626 3224 obscuritatem
648 3157 912 3225 Vitellianorum
935 3160 1084 3245 partium
1114 3158 1443 3246 praestringimusl“

316 3261 419 3329 Cuius
446 3263 635 3329 sententiae
659 3262 830 3351 exemplar
851 3262 956 3329 fuisse
987 3263 1147 3330 videntur
1168 3264 1297 3330 Lucani
1326 3285 1454 3330 versus¹

314 3367 455 3454 Pompei
477 3368 623 3445 orationi
645 3367 783 3435 inserti:

302 3479 364 3570 (11
380 3490 516 3574 532),0
532 3513 624 3557 vere
640 3490 816 3557 Romana
833 3513 983 3574 manus,
1007 3493 1127 3579 quibus
1144 3513 1239 3559 arma
1254 3494 1391 3558 senatus

475 3617 543 3660 non
558 3595 698 3682 privata
714 3595 817 3678 dedit,
842 3596 931 3662 votis
949 3596 1177 3682 deposcite
1192 3598 1405 3684 pugnam“.

402 3716 516 3784 Prima
540 3719 731 3784 sententiae
754 3720 859 3784 verba
881 3719 947 3785 iam
977 3720 1188 3806 comparavit
1211 3719 1369 3803 Haskins,
1393 3720 1448 3787 ul-

315 3823 400 3890 tima
423 3823 453 3888 si
475 3822 576 3889 modo
597 3844 637 3889 ea
658 3823 819 3911 respexit,
851 3847 909 3890 suo
932 3847 1026 3890 more
1050 3825 1197 3892 mutavit
1221 3824 1370 3906 Tacitus,
1396 3829 1448 3892 'ut

405 4001 432 4068 1)
459 4001 551 4053 Minus
576 4008 681 4054 certum
707 3995 749 4054 est
768 4001 902 4055 imitatum
928 4017 988 4056 esse
1008 4003 1133 4058 Tacitum
1152 4004 1368 4071 prima-quoque
1388 4003 1445 4057 Lu-

312 4090 374 4144 cani
394 4089 477 4143 verba
496 4105 530 4156 „o
550 4087 698 4148 domitores
717 4088 841 4157 mundi“‚
862 4092 886 4144 si
905 4091 1040 4145 Cerialem
1059 4091 1129 4146 Hist.
1149 4092 1173 4144 V
1190 4095 1221 4145 16
1242 4098 1342 4160 quarta
1354 4085 1447 4146 'decu-

313 4193 408 4232 manos
422 4176 588 4244 „domitores
603 4178 779 4232 Britanniae“
799 4178 904 4234 inducit
919 4180 1113 4249 appellantem,
1133 4181 1232 4246 quibus
1245 4181 1334 4236 verbis
1348 4181 1449 4235 studet

313 4267 533 4323 benevolentiam
551 4273 665 4336 captare
683 4268 808 4336 militurn,
833 4270 902 4324 haec
921 4269 992 4323 enim
1019 4271 1191 4325 substantiva
1210 4271 1333 4324 verbalia
1351 4276 1448 4326 orato·

315 4357 396 4418 ribus
410 4357 491 4410 huius
511 4358 610 4411 aetatis
629 4357 657 4410 in
677 4356 782 4412 deliciis
801 4358 921 4438 fuerunt.
1324 4356 1325 4368 ¹
1397 4358 1399 4362 ’
