3138 5178
723 477 979 598 ,44η-

302 709 341 772 et
356 705 502 774 Senecae
525 704 567 772 de
589 704 684 772 olem.
699 705 718 770 I
734 706 801 772 a?
826 705 1002 794 „princeps
1025 706 1111 776 alios
1135 729 1176 774 ex
1194 692 1328 773 ¹civibus
1351 705 1433 787 suis,

303 811 384 900 qnia
406 801 511 878 utiles
533 811 680 898 bonique
703 813 792 894 sunt,
816 797 927 885 libas
944 805 1085 893 ⁴videat,
1113 810 1205 880 alios
1227 811 1272 877 in
1293 833 1433 879 nume·

304 939 394 984 rum
423 915 626 1004 relinquat“.
685 915 745 998 „In
776 903 969 984 numeruml‘
995 915 1109 984 Taciti
1141 919 1177 986 et
1201 916 1331 984 Lucani
1362 915 1433 983 cdi·
1561 955 1562 1002 p

274 1035 275 1040 ’
303 1025 397 1088 tores
421 1021 594 1109 explicant
620 1023 679 1105 „ut
701 1021 836 1108 (agmen
859 1023 907 1108 et)
929 1010 1086 1115 numerus
1111 1021 1286 1102 officiatur,
1309 1024 1350 1088 ut
1371 1044 1444 1090 nu··

303 1149 415 1193 merus
439 1126 649 1214 expleatur“.
694 1124 762 1207 Qui
784 1148 859 1193 cum
881 1125 954 1192 sine
983 1124 1085 1208 dnbio
1115 1127 1162 1195 sit
1194 1149 1310 1194 sensus
1333 1127 1433 1195 verbi

304 1231 408 1298 etiam
420 1230 511 1317 apud
519 1229 690 1312 Senecam,
705 1251 748 1298 ne
759 1229 814 1297 hic
826 1229 961 1318 quidem
974 1229 1075 1314 facile
1084 1230 1301 1313 diiudicatur,
1318 1232 1435 1298 utrum
1561 1279 1562 1296 l

304 1339 442 1404 secutus
471 1336 518 1402 sit
541 1335 690 1402 Tacitus.
735 1333 854 1423 Neque
886 1335 971 1403 certi
1002 1335 1184 1424 quidquam
1215 1335 1257 1403 de
1279 1335 1433 1423 proximo
1561 1303 1562 1386 i

303 1441 393 1509 loco·
409 1439 516 1508 audeo
548 1439 729 1526 affirmare.
784 1433 909 1508 Exitus
942 1441 1108 1508 orationis
1138 1439 1229 1508 Ann.
1245 1441 1283 1508 H
1304 1441 1347 1507 14
1377 1440 1434 1507 hic
1561 1447 1562 1530 l

305 1549 376 1614 est:
401 1545 460 1628 „si
482 1544 597 1613 taedio
620 1546 752 1614 viarum
775 1568 813 1613 ao
836 1546 939 1614 maris
961 1545 1061 1614 finem
1084 1546 1241 1635 cupiant,
1273 1545 1338 1614 hac
1360 1546 1434 1613 acie

304 1651 437 1738 parari:
461 1650 655 1738 propiorem
675 1651 743 1716 ism
755 1650 871 1718 Albim
893 1641 994 1738 quani
1009 1650 1164 1718 Rhenum
1183 1673 1292 1739 neque
1305 1651 1435 1724 bellum
1561 1647 1562 1726 i

303 1755 415 1838 ultra,
450 1755 547 1822 modo
578 1778 629 1838 se,
664 1755 814 1844 patris
845 1755 1093 1844 patruique
1115 1755 1434 1844 vestigialpre-
1561 1743 1562 1832 l

305 1851 503 1944 mentem,
540 1858 647 1928 isdem
678 1861 839 1928 interris
862 1859 1029 1928 victorem
1052 1859 1245 1928 sisterent“.
1290 1860 1435 1927 initium

293 1965 471 2062 'orationis
488 1965 596 2033 Orelli
618 1964 742 2066 iudicio
759 1964 966 2048 simillimum
989 1967 1042 2032 est
1060 1965 1181 2034 Horat.
1198 1963 1307 2032 Carm.
1323 1965 1354 2048 2,
1367 1965 1398 2032 6.
1412 1965 1437 2030 7

253 2072 256 2078 ⁵
548 2088 594 2154 sit
617 2086 733 2154 modas
757 2087 849 2156 lasso
872 2063 1032 2155 maris'et
1055 2088 1188 2156 viarum
1561 2075 1562 2086 ¹

621 2203 623 2206 ’
754 2192 975 2281 militiaeque,
1006 2269 1007 2272 Ἴ
1261 2282 1263 2294 Ι

162 2308 164 2312 ’
248 2293 249 2300 i
305 2315 349 2382 ad
371 2314 492 2382 ultima
515 2315 662 2406 contulit
685 2312 773 2382 idem
795 2314 931 2413 Vergili
952 2313 1078 2402 Georg.
1096 2312 1214 2381 11488

456 2461 474 2504 0
498 2438 556 2526 qui
578 2461 630 2504 me
652 2437 776 2526 gelidis
799 2439 836 2504 in
857 2438 1005 2506 vallibus
1027 2437 1150 2506 Haemi
1173 2438 1284 2519 sistat,

352 2546 438 2612 Aen.
455 2543 574 2610 11620
596 2545 711 2609 tutum
732 2543 847 2630 patrio
870 2546 906 2610 te
928 2542 1046 2610 limine
1068 2543 1196 2610 sistam.

308 2668 446 2750 Restat,
470 2669 511 2732 ut
526 2665 729 2734 disseramus
752 2666 794 2732 de
811 2665 922 2733 verbis
949 2665 1076 2754 „patris
1091 2666 1273 2754 patruique
1288 2666 1442 2754 vestigia

307 2773 548 2860 prementem“‚
573 2768 662 2859 quod
684 2770 721 2836 in
738 2773 858 2836 nostra
873 2769 992 2857 lingua
1007 2773 1061 2838 est
1085 2771 1140 2854 „in
1155 2769 1210 2837 die
1224 2769 1441 2875 Fnssstapfen
1561 2793 1562 2844 l

304 2876 480 2964 jemandes
502 2877 648 2942 trcten“.
698 2874 875 2962 „Vestigia
890 2878 1059 2963 premar&
1085 2875 1218 2964 poetice
1233 2874 1359 2941 dicitur
1373 2895 1440 2962 pro
1561 2897 1562 2932 r

312 2981 503 3066 „incedere“
536 2979 593 3048 vel
628 2981 863 3064 „subsisteret
909 2979 1023 3047 Taciti
1044 2979 1167 3063 verbis,
1203 2980 1323 3068 quibus
1346 2979 1442 3046 inest

269 3163 272 3172 ,
308 3111 423 3154 sensns
446 3084 617 3175 sequendi,
641 3083 874 3173 consequendi,
897 3085 1080 3173 respondet
1102 3085 1183 3150 Luc.
1200 3084 1237 3150 II
1252 3085 1323 3152 652·

430 3199 630 3288 adseqnitur
652 3200 834 3286 generique
857 3199 980 3286 premit
1002 3199 1153 3286 vestigia
1173 3198 1309 3280 Caesar,

308 3314 489 3404 quodiam
511 3314 601 3382 vidit
624 3312 764 3380 (lortius
788 3314 844 3398 (of.
868 3313 1124 3381 adnotationem
1138 3313 1279 3382 Weberi
1301 3313 1346 3379 ad
1367 3311 1438 3378 Lu-

309 3420 387 3487 cani
402 3420 512 3486 locum
527 3418 691 3504 allatam),
716 3418 775 3484 sed
790 3422 972 3505 praeterea
987 3416 1063 3486 San.
1080 3441 1154 3506 epp.
1172 3419 1224 3501 32,
1241 3419 1261 3484 3
1283 3417 1437 3506 „fugien-

309 3525 397 3591 tium
419 3546 570 3611 premere
601 3523 787 3610 vestigia“‚
818 3526 859 3590 ut
889 3523 976 3589 nihil
1005 3523 1099 3591 alind
1129 3523 1241 3612 dicere
1269 3523 1439 3612 possimus

309 3629 376 3695 nisi
412 3628 595 3695 dictionem
631 3629 784 3715 quamvis
821 3628 1076 3695 insolentiorem
1106 3631 1221 3696 tamen
1248 3650 1316 3695 non
1345 3626 1437 3716 apud

258 3789 262 3796 ,
311 3733 399 3800 solos
422 3733 577 3801 Tacitum
600 3736 636 3800 et
658 3733 831 3800 Lucanum
852 3733 1008 3802 inveniri.
1033 3773 1075 3782 --
1207 3817 1208 3820 Ἴ
1402 3801 1403 3806 ,

397 3837 486 3904 Ann.
511 3837 589 3904 170
611 3838 775 3905 Vitellius
804 3839 956 3927 legiones
986 3860 1007 3904 a
1037 3839 1237 3918 Germanico
1266 3841 1437 3925 acceptae,

310 3965 353 4010 ne
375 3965 479 4011 naves
510 3943 609 4010 nimis
633 3947 864 4026 onerarentur,
895 3943 1201 4011 itinereterrestri
1222 3944 1321 4011 iuxta
1341 3963 1436 4010 mare

311 4048 414 4115 ducit.
456 4048 535 4115 Mox
549 4048 696 4136 impulsu
711 4048 877 4136 aquilonis
892 4049 1136 4116 intumescente
1149 4048 1281 4116 Oceano
1300 4047 1438 4136 „opple-

310 4156 438 4221 bantur
458 4156 586 4220 terrae:
620 4153 736 4220 eadem
766 4153 856 4220 freto
887 4153 984 4220 litori
1014 4153 1139 4243 campis
1171 4153 1290 4236 facies,
1325 4175 1437 4240 neque

311 4259 457 4326 discerni
479 4261 641 4345 poterant
657 4258 790 4325 incerta
802 4259 845 4324 ab
862 4256 989 4336 solidis,
1012 4259 1166 4326 brevia
1188 4281 1209 4324 a
1223 4257 1436 4348 profundis“.

293 4355 295 4362 ’
313 4364 489 4448 „savias
506 4363 596 4452 quod
611 4363 674 4432 hoc
689 4361 936 4430 loco-idemest
952 4364 1103 4447 ervado,
1127 4363 1272 4450 primum
1288 4367 1442 4436 oocumit
1471 4373 1474 4379 ⁴
