3138 5178
779 466 1026 538 422--

326 648 700 736 quismagnarum
725 669 854 736 saepe
877 671 1015 714 rerum
1050 652 1187 714 motus
1213 649 1464 714 oriuntur“.

330 747 495 820 Similiter
518 753 636 826 Livius
660 754 801 836 xxyss
824 755 897 835 9.1‚
932 753 1084 841 quamvis
1118 753 1220 820 aliam
1243 756 1284 820 ob
1308 775 1463 832 oausam,
1532 743 1533 820 l

257 915 259 924 ,
327 859 479 946 scripsit:
516 857 696 939 ,Ceterum
720 859 949 946 transportati
972 858 1098 924 milites
1122 859 1156 923 in
1180 857 1329 925 Siciliam
1353 896 1396 904 --
1423 861 1464 922 et

327 966 425 1030 erant
459 963 566 1033 maior
600 985 678 1051 pars
701 963 819 1030 latini
852 963 996 1030 nominis
1031 964 1325 1050 sociorumque-
1349 986 1461 1050 prope

327 1069 472 1156 magni
503 1072 644 1135 motus
678 1089 780 1136 eausa
814 1069 925 1135 fuere:
962 1067 1045 1134 adeo
1081 1091 1128 1134 ex
1150 1068 1300 1156 parvis
1324 1090 1460 1156 saepe

266 1155 269 1166 ’
327 1196 578 1261 magnarum
600 1178 970 1241 momentarerum
992 1173 1217 1260 pendent“.
1254 1173 1459 1239 Hieeximie
1533 1245 1534 1264 ,

328 1279 443 1346 videre
465 1280 557 1362 Jioet,
591 1301 657 1368 qua
688 1279 822 1346 ratione
849 1279 960 1366 fingat
983 1301 1060 1344 suas
1092 1277 1278 1345 sententias
1302 1277 1456 1344 Tacitus.
1533 1271 1534 1278 '

327 1384 418 1466 Quin
441 1384 473 1450 oi
495 1387 576 1452 ante
600 1383 712 1450 oeulos
730 1386 885 1452 versatus
910 1383 956 1450 sit
978 1383 1080 1466 lorus,
1104 1406 1201 1450 nemo
1225 1387 1287 1466 est,
1311 1383 1370 1470 qui
1394 1383 1456 1448 du-

275 1526 278 1533 ·
329 1489 427 1571 bitot,
451 1489 603 1576 quamvis
628 1488 702 1576 ipsa
725 1491 829 1556 verba
851 1488 955 1555 aliter
979 1489 1048 1554 sint
1070 1487 1248 1554 collocata.

413 1593 513 1661 Addo
530 1617 571 1660 ex
587 1593 759 1660 annalium
774 1593 870 1660 libris
887 1617 987 1659 unum
1010 1594 1129 1676 locum,
1154 1594 1212 1660 ubi
1234 1616 1301 1659 non
1323 1596 1456 1660 eertum

328 1703 501 1766 auctorem
532 1702 666 1766 secutus
700 1699 806 1787 quasi,
827 1699 1005 1788 proverbio
1036 1699 1121 1764 finit·
1135 1699 1365 1766 narrationem
1388 1698 1456 1765 Ta·
1500 1733 1504 1740 ·

327 1805 424 1871 citus.
465 1805 608 1871 Punitus
632 1814 706 1885 erat
729 1804 827 1870 homo
851 1803 987 1892 quidam
1011 1804 1125 1872 eadem
1148 1825 1267 1891 poena,
1291 1795 1357 1892 qua
1380 1805 1454 1892 ipse

328 1910 408 1977 olim
432 1910 565 1977 delator
587 1910 672 1976 alios
689 1911 852 1976 affecerat
867 1909 968 1992 cives,
991 1932 1057 1997 qua
1072 1932 1110 1976 re
1125 1909 1286 1998 impulsus
1310 1909 1451 1976 Tacitus

327 2016 374 2082 sio
397 2016 486 2081 Anu.
504 2014 558 2080 VI
577 2015 616 2080 10
640 2019 823 2082 extremam
847 2013 948 2101 fingit
971 2014 1191 2081 sententiam:
1221 2036 1304 2100 ,quo
1327 2014 1454 2082 laetius

328 2125 504 2210 acceptum
539 2143 600 2188 sua
634 2120 787 2208 exempla
820 2121 862 2185 in
895 2120 1172 2201 consultore-s
1206 2116 1452 2187 recidisse“.

327 2227 566 2295 Proverbium.
582 2226 729 2293 ooourrit
764 2225 908 2314 primum
947 2225 1037 2313 apud
1075 2225 1259 2292 Hesiodum
1296 2223 1392 2314 (Ἐργ,
1426 2251 1452 2287 κ.

325 2336 377 2417 tr·
402 2333 478 2415 265)
528 2367 533 2376 ¹

417 2483 447 2548 oi
467 2479 494 2566 γ’
520 2485 601 2570 αὐτῷ
625 2482 701 2547 κακὰ
724 2485 825 2570 τεὸχει
850 2483 923 2568 ἀνὴρ
949 2483 1031 2568 ἄλλῳ
1055 2483 1132 2548 κακὰ
1156 2485 1282 2570 τεύχων,

419 2589 505 2675 ἡδὲ
529 2589 627 2674 κακὴ
654 2589 776 2676 βουλὴ
801 2599 851 2676 τῷ
877 2583 1142 2674 βουλεύσαντι
1165 2593 1349 2674 κακίστη,

327 2747 399 2810 tum
422 2741 545 2808 Latine
567 2764 701 2810 versum
724 2741 1039 2828 apud'Varronem,
1071 2741 1113 2807 de
1139 2765 1176 2807 re
1198 2744 1281 2807 rust.
1299 2741 1355 2807 Ill
1372 2743 1449 2806 2.1;

335 2847 492 2935 ,Opinon
524 2847 669 2935 inquam,
703 2871 771 2913 non
795 2847 913 2930 solum,
948 2847 1037 2935 quod
1060 2846 1193 2927 dieitur,
1229 2846 1353 2914 malum
1374 2869 1450 2914 oon-

328 2952 441 3020 silium
462 2951 711 3018 oonsultori
734 2955 803 3018 est
825 2952 1071 3040 pessimum,
1105 2952 1163 3019 sed
1195 2953 1299 3019 etiam
1329 2956 1449 3019 bonum

261 3044 263 3048 ¹
328 3058 513 3136 eonsilium,
549 3057 607 3145 qui
639 3057 785 3124 consulit
817 3061 852 3124 et
875 3058 932 3145 qui
956 3058 1153 3139 consulitur,
1184 3061 1306 3124 bonum
1328 3057 1448 3124 haben-

328 3163 437 3246 dum“,
473 3163 630 3228 similiter
652 3161 780 3228 dictum
796 3163 886 3251 apud
902 3161 1102 3230 Sallustium
1119 3163 1208 3229 Hist.
1224 3163 1242 3228 l
1259 3165 1317 3228 74:
1346 3162 1448 3247 „Nam

328 3269 415 3335 talia
451 3269 596 3354 incepta,
630 3267 666 3331 ni
698 3266 741 3332 in
773 3267 1070 3335 consultorem
1103 3269 1364 3350 vertissent,
1399 3268 1445 3333 rei

328 3374 483 3462 publicae
511 3374 646 3459 pestem.
675 3371 844 3456 faoturat,
866 3373 956 3439 Hist.
979 3375 998 3440 Ι
1022 3375 1079 3438 77:
1118 3374 1292 3460 ,(maxime
1315 3372 1446 3459 vellem)

277 3471 278 3476 ¹
334 3497 442 3566 prava
476 3478 611 3564 incepta
645 3477 975 3544 consultoribus
1013 3499 1153 3545 noxae
1188 3481 1311 3545 esse“.
1369 3478 1445 3544 Alia

330 3606 465 3672 possum
488 3604 683 3650 enumerare
706 3584 873 3671 exempla:
906 3607 961 3650 eos
985 3588 1119 3650 tantum
1142 3585 1247 3651 attuli
1269 3585 1370 3664 locos
1392 3583 1446 3650 ubi

333 3690 500 3757 Graecum
518 3688 721 3772 ῃβουλεύσαθ
740 3711 874 3755 versum
897 3689 1046 3756 videmus
1062 3692 1098 3755 in
1116 3689 1338 3772 „consultor“,
1362 3689 1445 3777 quod

332 3796 472 3862 verbum
493 3792 556 3859 hoo
578 3816 678 3860 sensu
699 3794 871 3881 proprium
894 3802 946 3861 est
969 3795 1098 3882 priseae
1113 3795 1315 3861 Latinitatis
1339 3797 1374 3861 et
1395 3817 1444 3862 eo·

333 3923 408 3965 rum
432 3899 642 3986 scriptorum,
666 3898 725 3986 qui
747 3898 833 3965 hano
855 3899 1043 3982 imitantur,
1077 3903 1116 3966 ut
1138 3901 1260 3965 Afran.
1284 3922 1365 3967 eom.
1388 3899 1444 3964 332

330 4004 449 4092 (eaque
473 4027 507 4071 se
530 4004 635 4071 ferme
667 4002 789 4070 dedere
820 4005 938 4070 melius
976 4005 1232 4087 consultoribus
1268 4026 1368 4092 quam
1396 4028 1443 4070 re-

330 4109 476 4176 strictim
498 4110 652 4196 cogitata
674 4113 777 4198 atque
801 4110 952 4176 omnibus
975 4110 1185 4192 rationibus),
1220 4109 1359 4191 Sallust,
1385 4109 1443 4174 Ta-

332 4215 429 4293 citus
463 4214 592 4280 Fronto
623 4213 707 4298 (sive
730 4217 770 4280 tu
793 4237 844 4281 me
875 4215 1092 4282 temerarium
1124 4214 1350 4282 consultorem
1380 4214 1444 4282 sive

332 4320 491 4388 audaoem
507 4320 684 4408 puerulum
701 4371 707 4385 .
726 4371 732 4385 .
752 4371 758 4385 .
777 4343 847 4387 esse
863 4320 1071 4388 existimabis
1087 4343 1118 4408 p.
1132 4320 1184 4401 40,
1197 4319 1240 4384 24
1262 4319 1304 4386 of.
1319 4321 1373 4404 41,
1386 4320 1443 4406 22).
