3138 5178
704 475 963 540 '-78-

293 657 377 724 liter
407 655 490 721 dicit
504 653 652 720 -l'aoitus
683 651 725 718 de
746 649 867 717 Flavio
891 649 1034 730 Sabino,
1067 647 1268 734 Vespasiani
1291 647 1418 713 fratre:

293 761 398 847 (Hist.
414 758 543 844 11165)
575 759 722 841 ,Erant,
758 756 817 844 qui
840 755 980 822 occultis
1011 753 1255 840 suspicionibus
1277 752 1420 817 incesse·

294 869 382 952 rent,
398 868 571 952 tamquam
585 862 715 930 invidia
730 868 767 932 et
781 861 1009 931 aemulatione
1024 859 1245 926 fortunam
1259 857 1277 922 f
1284 856 1420 922 ratris

294 973 571 1050 moraretur“,
595 969 632 1034 id
653 972 727 1052 est',
753 973 926 1056 tamquam
948 965 1143 1052 impediret,
1168 986 1209 1029 ne
1232 963 1421 1050 imperator

294 1076 397 1143 fieret
419 1073 653 1161 Vespasianus
662 1073 694 1160 ¹).

329 1259 333 1266 ί
383 1179 508 1246 Utrum
523 1178 785 1264 restringant
811 1177 1093 1260 „festinatae
1114 1174 1266 1240 mortis
1289 1171 1421 1260 grande

294 1271 599 1366 solacium‘ss‘ffist.
616 1284 713 1350 1148
731 1283 921 1368 ,meraniae
943 1281 1179 1348 festinato
1202 1279 1333 1344 exitu
1355 1277 1421 1344 cle-

294 1392 455 1458 mentiam
478 1389 638 1455 victoris“
663 1388 855 1475 respexerit
875 1387 1005 1452 Lucani
1028 1387 1060 1452 V
1075 1385 1199 1458 tasson

713 1502 796 1569 licet
816 1501 972 1588 ingentes
995 1499 1172 1586 abruperit
1195 1503 1292 1564 aetus

381 1608 616 1676 festinata
638 1607 736 1674 dies
760 1607 853 1689 fata,
878 1609 933 1674 sat
954 1621 1078 1692 magua
1099 1605 1226 1692 peregi,

295 1754 416 1814 neone,
451 1731 488 1798 id
510 1730 693 1797 diiudicare
716 1753 783 1796 nou
806 1730 930 1810 audeo,
967 1729 1026 1794 sed
1055 1727 1236 1795 verisimile
1259 1749 1422 1794 essenon

300 1837 447 1918 videtur,
464 1837 619 1923 primum,
643 1835 733 1924 quod
751 1834 965 1901 artificiosius
989 1833 1140 1920 loquitur
1161 1832 1327 1913 Lucanae,
1350 1854 1424 1897 curn

296 1941 436 2010 Tacitus
460 1941 664 2030 simpliciore
685 1945 807 2008 utatur
829 1939 993 2020 dictione,
1028 1942 1101 2004 tum
1131 1937 1221 2025 quod
1242 1936 1325 2003 haec
1347 1937 1424 2023 ipsa

301 2045 414 2114 'l'aoiti
437 2047 540 2112 dictio
563 2069 605 2114 ex
627 2047 732 2134 ipsius
754 2044 927 2111 nonnullis
955 2044 1040 2110 locis
1074 2043 1199 2130 optime
1223 2042 1422 2130 explicatur,

298 2156 338 2218 ut
368 2152 457 2217 Ann.
481 2149 567 2217 XIV
583 2151 641 2216 33:
683 2150 820 2238 ,Neque
857 2149 943 2216 euim
980 2170 1103 2237 capere
1136 2151 1197 2213 aut
1230 2147 1424 2214 venundare

295 2256 435 2347 aliudve
458 2255 549 2343 quod
570 2255 653 2322 belli
674 2254 916 2337 commercium,
952 2254 1010 2320 sed
1034 2253 1187 2320 caedes
1211 2251 1422 2340 patibula,

295 2362 426 2450 ignes
450 2383 609 2428 cruces
639 2364 811 2448 tamquam
842 2359 1009 2426 reddituri
1040 2357 1240 2445 supplicium
1262 2379 1301 2452 ac
1323 2379 1422 2444 prae-

297 2471 397 2555 repta
430 2466 570 2533 interim
600 2466 730 2532 ultione
753 2465 1089 2545 festinabaut“,
1125 2467 1186 2528 aut
1208 2461 1425 2528 Analvaa

302 2572 380 2660 ,qui
402 2571 582 2659 (Caecilius
594 2569 777 2656 Cornutus)
793 2569 907 2637 taedio
922 2590 1076 2635 curarum
1093 2577 1129 2634 et
1144 2567 1224 2656 quia
1237 2567 1424 2654 periculum

299 2698 362 2764 pro
389 2675 494 2742 exitio
516 2675 725 2755 habebatur,
755 2679 943 2740 mortem
966 2675 1076 2740 inse
1099 2669 1447 2757 festin,avit“²).'

387 2779 499 2846 Unum
521 2780 664 2868 denique
693 2779 729 2844 iu
752 2779 814 2845 hac
843 2779 993 2866 opusculi
1024 2782 1125 2866 parte
1147 2762 1289 2844 afferam
1313 2780 1348 2843 et
1370 2798 1425 2842 oo·

299 2885 426 2973 piosius
449 2887 605 2952 tractabo
627 2884 756 2968 locum,
792 2884 984 2972 priusquam
1008 2885 1050 2952 ad
1072 2883 1228 2950 ultimam
1251 2885 1425 2966 transgre-

299 2990 375 3056 dior
397 2994 537 3077 partem.
584 2989 736 3058 Secundo
759 2990 888 3056 Lucani
918 2990 1005 3056 libro
1031 2989 1204 3056 inducitur
1228 2987 1333 3070 Cato,
1368 2988 1425 3054 de·

297 3095 488 3184 pinguntur
510 3117 617 3162 mores
640 3095 739 3162 huius
761 3094 903 3161 hominis
935 3117 1015 3162 vere
1037 3095 1198 3175 Romani,
1229 3095 1287 3181 qui
1309 3093 1425 3160 laben-

299 3200 392 3266 tibus
415 3201 561 3280 omnium
583 3202 773 3266 ceterorum
795 3201 944 3274 moribus
973 3199 1063 3266 solus
1088 3203 1286 3266 servaverat
1308 3197 1426 3286 pristi-

299 3327 374 3374 nam
406 3303 501 3371 illam
531 3305 698 3372 virtutem
729 3308 833 3391 atque
868 3303 1041 3370 honestam
1073 3307 1319 3391 paupertatem.
1371 3301 1427 3369 Ac

299 3409 383 3476 dicit
405 3413 507 3498 poeta
530 3409 574 3495 (v.
593 3410 657 3474 384
669 3407 755 3496 sqq.)
876 3499 878 3504 Ι

386 3519 474 3589 Huic
498 3522 626 3609 epulae,
651 3521 772 3588 vicisse
795 3522 936 3602 famem3
960 3523 1139 3610 magnique
1160 3526 1317 3610 penates,

389 3627 606 3695 summovisse
629 3627 770 3693 hiemem
792 3630 902 3707 teoto,
925 3628 1143 3714 pretiosaque
1165 3627 1278 3710 vestis
1379 3609 1388 3620 ⁸

388 3731 513 3798 hirtam
536 3734 682 3798 membra
706 3753 806 3819 super
828 3731 976 3800 Romani
996 3755 1089 3798 more
1113 3733 1258 3814 Quiritis

388 3827 560 3902 induxisse
584 3837 746 3923 togamtt

301 3955 506 3962 mm

391 4000 417 4064 1)
446 3994 651 4050 Cf.Hist.110
679 3995 864 4064 ,destinatum
889 3997 1060 4066 Vespasiano
1085 3996 1234 4063 liberisque
1258 3997 1315 4051 eius
1341 3997 1429 4066 impe-

301 4084 372 4140 rium
391 4090 455 4153 post
474 4083 658 4138 fortunam
678 4084 868 4140 credidimus‘⁴.

391 4176 419 4242 2)
438 4173 595 4244 Nipperdey
614 4173 650 4227 ad
669 4179 739 4230 Anu.
752 4175 793 4227 111
808 4179 840 4228 17
860 4174 941 4229 affert
964 4176 1090 4244 exempla
1116 4191 1209 4229 eorum
1229 4173 1378 4230 festinandi
1398 4179 1429 4229 et

301 4261 470 4332 properandi
489 4263 641 4330 verborum,
662 4279 732 4332 quae
751 4264 895 4318 transitive
915 4264 1004 4318 solent
1023 4262 1155 4318 adhiberi.

392 4355 419 4419 3)
449 4351 491 4406 Ad
517 4368 574 4407 rem
593 4352 713 4408 Haskins
734 4351 841 4408 confert
862 4353 934 4409 Plut.
955 4354 1013 4408 Cat.
1034 4358 1065 4408 6:
1089 4356 1209 4413 πολλάκις
1228 4354 1249 4406 δ’
1270 4353 1430 4424 ἀνυπόδητος
