3138 5178
735 480 952 546 ..90-

278 697 281 706 .
364 610 463 739 Quod
485 655 569 724 dicit
591 655 731 723 Tacitus
751 655 842 724 Hist.
859 655 956 724 1156
981 657 1035 739 „in
1048 678 1154 722 omne
1169 655 1224 743 fas
1236 653 1400 742 nefasque

273 762 545 830 avidi“·li1eiser
576 761 790 828 confirmavit
811 761 985 828 insolitum
1019 760 1177 836 dictionis
1202 759 1354 848 exemplo
1379 783 1399 826 e

274 867 409 934 Lucano
432 867 601 957 prompto?
613 866 660 952 (V
675 865 761 953 312).

1021 991 1176 1079 ipseper
1199 1013 1295 1057 omne

276 1137 308 1156 ·.
403 1096 812 1184 fasquenefasquc
836 1095 937 1162 rues?

273 1231 323 1298 Ut
336 1227 342 1236 ’
355 1231 499 1319 primum
533 1229 641 1298 dicam
673 1251 782 1317 pauca
815 1229 863 1296 de‘
891 1225 1005 1298 verbis
1041 1229 1179 1318 „fasque
1200 1230 1398 1316 nefasque“,
1483 1287 1486 1290 .
1559 1225 1566 1263 '³

160 1353 163 1359 '
273 1336 416 1422 figuram
439 1335 582 1416 dicendi,
606 1356 706 1422 quam
727 1335 893 1423 peculiari
906 1334 1025 1402 libello
1041 1335 1232 1402 illustravit
1243 1335 1283 1400 E.
1296 1334 1399 1400 Kem-

273 1447 346 1506 iuer
358 1440 390 1523 1),
415 1439 516 1507 facile
539 1440 711 1528 agnoscis:
737 1439 822 1508 duae
845 1441 1039 1509 contrariae
1062 1462 1101 1506 ac
1123 1439 1277 1508 diversae
1299 1461 1399 1510 voces

275 1548 529 1633 componuntur,
553 1568 694 1633 quarum
709 1546 881 1612 interdum
905 1545 989 1631 satis
1012 1545 1082 1613 fuit
1104 1546 1249 1612 alteram
1263 1568 1398 1632 ponere,

274 1649 385 1718 altera
407 1655 521 1719 tamen
543 1650 799 1737 adaugendam
821 1651 890 1718 vim
912 1654 1092 1717 verborum
1107 1649 1257 1717 additur.
1292 1650 1398 1736 Velut

273 1756 309 1821 in
341 1756 520 1845 sententiis
552 1777 572 1822 a
602 1755 721 1822 Tacito
754 1760 789 1822 et
812 1756 948 1824 Lucano
982 1756 1176 1842 compositis
1208 1755 1399 1822 sententiae

275 1851 402 1926 summa
425 1883 464 1928 eo
488 1861 690 1944 continetur,
715 1862 804 1948 quod
817 1862 861 1927 ‘in
884 1861 980 1928 nefas
1004 1861 1098 1928 avidi
1121 1863 1209 1943 sunt,
1244 1861 1280 1926 in
1301 1859 1398 1927 nefas

273 1969 378 2032 ruunt
400 1955 595 2050 homines2).
641 1965 745 2052 Apud
766 1965 982 2032 Kemmernm
1012 1965 1122 2032 simile
1152 1965 1267 2034 inveni
1290 1987 1398 2032 exem-

274 2070 408 2157 plume
432 2069 568 2137 Catullo
592 2073 819 2158 assumptum:
844 2071 910 2156 (64,
924 2072 988 2136 405
998 2075 1059 2159 sq.)

362 2211 472 2278 omnia
494 2210 626 2277 fanda
647 2212 843 2278 nefanda
865 2211 953 2278 malo
976 2211 1146 2298 permixta
1168 2210 1287 2278 furore

268 2321 282 2404 Ἰ
361 2317 541 2383 iustificam
564 2316 660 2383 nobis
682 2322 829 2385 mentem
852 2319 1008 2384 avertere
1032 2316 1177 2383 deorum.

275 2459 394 2544 Neque
416 2462 530 2525 tamen
560 2457 759 2525 crediderim
780 2458 909 2524 Lucani
937 2457 1086 2545 vestigia
1115 2457 1210 2544 sequi
1233 2456 1399 2539 Tacitum,

274 2562 333 2631 sed
351 2585 560 2631 communem
582 2562 751 2652 adhibere·
764 2561 896 2630 dicendi
922 2563 1082 2650 figuram,
1104 2583 1214 2648 ¹quam
1236 2561 1297 2627 alii
1319 2583 1399 2648 quo·
1431 2647 1434 2654 Ι

276 2691 340 2758 que
373 2688 534 2754 usurpare
564 2670 812 2734 consueverunt
843 2670 1015 2750 auctores,
1049 2670 1090 2732 ut
1119 2667 1193 2736 Lis.
1210 2665 1263 2732 VI
1285 2665 1334 2730 14.
1356 2666 1399 2730 10
1453 2677 1460 2694 ⁴

277 2773 331 2855 ·„=id
354 2794 435 2838 vero
457 2773 509 2837 ita
531 2772 685 2854 accendit
707 2773 845 2854 animoa,
869 2775 910 2838 ut
932 2795 996 2858 per
1017 2793 1126 2838 omne
1147 2771 1211 2837 fas
1226 2793 1270 2837 ac
1285 2771 1399 2836 nefas
1449 2849 1451 2856 Α

276 2876 426 2942 secuturi
449 2875 615 2943 vindicem
637 2875 810 2943 libertatis
825 2875 1056 2958 viderentur“,
1079 2877 1139 2942 ubi
1159 2874 1247 2942 illud
1273 2875 1343 2958 „fas
1362 2897 1402 2941 ac

274 2980 391 3048 nefas“
429 3005 496 3047 non
530 2987 601 3047 tam
634 2981 812 3068 complecti
847 3004 959 3048 omnes
993 3004 1048 3048 res
1080 3003 1180 3069 quam
1213 2980 1402 3068 exprimere

274 3086 418 3153 maxime
434 3085 582 3175 nefarias
599 3088 724 3172 optime
740 3086 916 3174 colligitur
932 3110 950 3154 e
966 3087 1213 3155 sententiarum
1228 3088 1399 3154 contextu.

277 3190 445 3259 Similiter
474 3191 661 3259 invenimus
695 3191 904 3278 Panegyr.³)
919 3192 1007 3257 21.1
1045 3190 1149 3278 „nihil
1179 3213 1313 3258 neccsse
1348 3193 1402 3258 est

275 3433 360 3510 heaut
378 3432 460 3487 dicta.
478 3467 481 3472 ·
498 3433 553 3488 Sed
572 3434 693 3502 neglexit
710 3434 795 3489 Klebs
816 3435 921 3489 Lucani
939 3434 1035 3489 locum.
1073 3434 1143 3488 Mihi
1162 3431 1272 3506 quidem
1291 3435 1400 3485 constat

276 3515 403 3576 Tacitum
422 3538 501 3576 usum
520 3539 580 3576 esse
598 3523 718 3578 formula
736 3525 894 3578 rhetoribus
913 3524 1025 3578 usitata.
1240 3593 1242 3596 Ι

368 3613 395 3678 1)
414 3611 501 3666 Ernst
510 3612 645 3681 Kemmer‚
665 3613 717 3667 Die
736 3613 832 3682 pclare
842 3612 1087 3668 Ausdrucksweise
1105 3613 1133 3665 in
1152 3610 1201 3666 der
1214 3610 1403 3679 griechischen

276 3701 429 3755 Literatur.
467 3701 624 3770 Wiirzburg
645 3705 721 3758 1903.

364 3791 393 3859 2)
413 3790 454 3844 cf.
475 3792 549 3845 Imm.
570 3791 681 3845 Bekker
699 3791 734 3846 ad
754 3792 844 3846 Taciti
862 3791 881 3846 1.
895 3792 928 3845 h:
956 3791 1000 3860 „in
1030 3788 1167 3857 quodnam
1195 3788 1238 3843 fas
1262 3787 1335 3842 avidi
1353 3793 1402 3841 aut

276 3878 350 3946 quod
367 3896 453 3948 genus
472 3879 580 3934 dicendi
598 3880 626 3933 in
645 3880 689 3936 ias
708 3880 804 3934 avidi?
824 3879 942 3934 debebat
962 3895 1021 3934 esse
1042 3879 1087 3948 „in
1106 3893 1183 3932 omne
1202 3877 1281 3932 nefas
1301 3875 1400 3930 avidi“.

275 3969 313 4022 Et
332 3969 437 4031 omnia,
467 3985 537 4036 quae
556 3976 721 4038 sequuntur,
751 3975 816 4024 sunt
842 3969 958 4024 nefaria.
997 3967 1051 4023 Sed
1070 3967 1178 4022 videtur
1197 3966 1240 4021 fas
1265 3965 1401 4032 nefasque

275 4058 350 4112 velut
369 4074 384 4112 e
403 4057 521 4113 formula
539 4057 642 4112 dictum
659 4074 720 4113 esse
739 4060 767 4112 in
785 4059 836 4113 tali
847 4057 992 4126 sententia,
1012 4073 1062 4111 nec
1074 4057 1188 4112 verbum
1207 4056 1250 4110 fas
1264 4054 1300 4109 ad
1311 4056 1400 4108 vivum

276 4146 482 4202 resecandum.
1016 4186 1020 4194 ,

362 4239 394 4306 3)
414 4235 563 4292 Duodecim
571 4238 733 4308 Panegyrici
743 4237 845 4291 Latini.
864 4243 927 4305 post
938 4236 1082 4291 Aemilium
1090 4235 1289 4291 Baehrensium
1301 4235 1402 4289 iterum

276 4327 415 4382 recensuit
435 4327 595 4382 Guiiielmus
615 4327 754 4382 Baehrens
774 4328 849 4394 Lips.
872 4329 948 4380 1911.
