3138 5178
720 543 771 600 -.·.
808 505 866 605 74=
894 543 944 563 ..,

272 681 374 750 etiam
394 681 583 768 comparari
597 672 713 768 potest
729 679 815 746 illud
830 679 1003 747 Taciteum
1028 679 1130 766 (Hist.
1146 680 1184 747 II
1200 679 1255 764 69)
1281 679 1394 766 ,prin-

219 801 224 809 ”
270 787 392 874 cipium
404 786 539 854 interno
553 786 651 852 simul
661 789 870 874 externoque
883 786 972 852 bello
993 786 1249 872 parantibus
1264 785 1388 852 fatis“

269 915 342 958 cum
357 891 486 958 Lucani
510 891 575 978 (Vl
592 891 654 957 783
671 891 736 975 al.)'
754 890 854 979 ,quid
877 891 973 957 fata
994 893 1203 979 pararent
1225 890 1260 955 hi
1278 890 1393 957 fecere

269 997 411 1084 palam“.
587 995 592 1012 ‘

356 1101 454 1168 Nunc
477 1100 520 1167 ad
542 1122 617 1167 mea
638 1101 744 1188 ipsius
768 1099 922 1167 accedam
946 1101 1107 1188 exempla,
1132 1121 1227 1189 quae,
1259 1099 1393 1168 etiamsi

250 1207 328 1274 ‘vix
359 1207 511 1273 firmiora
543 1227 616 1272 esse
647 1205 781 1272 credam
814 1205 861 1273 eis
884 1227 969 1292 quae
1001 1205 1098 1272 modo
1122 1205 1242 1287 attuli,
1278 1207 1395 1270 tamen

270 1312 556 1380 commemoranda
589 1335 662 1379 esse
693 1312 832 1398 putavi,
867 1314 908 1377 ut
929 1311 964 1376 id
994 1312 1083 1400 quod
1105 1311 1316 1399 propositum
1340 1313 1396 1376 est

273 1417 478 1485 exhauriam.

361 1521 444 1608 Agr.
470 1523 511 1588 35
534 1522 698 1610 quomodo
722 1522 810 1588 acies
834 1521 1062 1588 Romanorum
1091 1542 1130 1588 ac
1152 1521 1396 1590 Britannorum

277 1627 482 1709 eonstiter‘t,
506 1627 719 1708 describitur,
742 1626 796 1692 eui
818 1626 906 1692 huno
928 1627 1028 1692 finem
1049 1626 1156 1714 capiti
1169 1626 1314 1712 imponit
1327 1622 1395 1690 Ta·

271 1733 375 1800 citus:
411 1651 593 1818 ,lgrieola
624 1737 805 1819 superante
836 1715 983 1797 hostium
1005 1730 1224 1796 multitudine
1252 1730 1394 1810 veritus,

272 1862 313 1906 ne
345 1839 395 1904 in.
412 1838 562 1904 frontem
596 1837 694 1903 simul
725 1841 761 1904 et
791 1837 905 1902 latera
928 1859 1061 1904 suorum
1084 1845 1310 1922 pugnaretur,
1345 1834 1395 1899 di·

275 1944 386 2011 ductis
410 1942 600 2022 ordinibus,
633 1963 833 2029 quamquam
855 1941 1042 2028 porrectior
1062 1942 1151 2008 acies
1174 1941 1294 2007 futura
1317 1944 1397 2006 erat

272 2053 308 2115 et
332 2047 548 2115 arcessendas
572 2046 725 2134 plerique
747 2046 897 2132 legiones
928 2046 1170 2122 admonebant,
1204 2045 1397 2133 promptior

217 2158 219 2162 ’
271 2154 307 2219 in
332 2175 423 2241 spem
447 2161 482 2218 et
504 2153 618 2218 firmus
650 2151 822 2232 adversis,
858 2149 992 2217 dimisso
1026 2173 1110 2238 equo
1142 2151 1271 2238 pedes
1294 2152 1396 2215 ante

273 2257 441 2325 vexilla
463 2257 710 2323 constitit“.
777 2254 843 2322 Sed
877 2255 979 2320 alium
1013 2254 1090 2320 huic
1123 2253 1244 2322 addam
1275 2254 1395 2321 locum.

276 2363 370 2430 Finis
387 2363 466 2438 eius,
492 2385 557 2450 quo
581 2362 698 2448 agitur
721 2361 762 2426 de
779 2360 923 2427 Othonis
947 2360 1079 2440 itinere,
1104 2361 1225 2448 capitis
1248 2360 1301 2426 hio
1324 2362 1396 2425 est:

273 2468 376 2550 (Hist.
393 2467 430 2532 Π
447 2469 499 2551 11)
526 2466 681 2550 ,necilli
704 2488 805 2552 segne
828 2468 890 2531 aut
901 2469 1099 2552 corruptum
1122 2465 1204 2531 luxu
1228 2465 1311 2548 iter,
1337 2463 1398 2530 sed

273 2572 378 2638 lorica
401 2572 516 2638 ferrea
538 2593 618 2636 usus
642 2574 696 2638 est
719 2581 754 2636 et
777 2579 878 2637 ante
902 2571 1027 2656 signa
1050 2569 1181 2657 pedes
1205 2570 1283 2653 ire,
1318 2568 1399 2633 hor-

274 2676 384 2757 ridus,
420 2677 608 2761 incomptus
630 2675 808 2763 famaeque
831 2673 1035 2740 dissimilis“.
1092 2674 1290 2761 Nunquam,
1324 2695 1402 2739 cum

274 2781 337 2848 hoc
352 2781 514 2867 legebam,
537 2780 652 2846 facere
668 2783 831 2866 poteram,
856 2779 937 2866 quin
953 2779 1150 2845 recordarer
1164 2801 1288 2844 nouum
1302 2776 1402 2843 illum

275 2886 403 2952 Lucani
426 2885 557 2968 librum,
583 2884 641 2950 ubi
651 2884 804 2951 videmus
829 2883 992 2950 Catonem
1016 2905 1077 2970 per
1099 2883 1257 2950 horridas
1268 2883 1403 2970 Libyae

274 2991 428 3078 regiones
452 2989 638 3056 exereitum
660 2989 838 3054 ducentem
861 2988 905 3074 (v.
922 2989 987 3052 aa?
1001 2988 1087 3075 sqq.)
1150 2978 1152 2983 ’

341 3113 414 3200 ipse
436 3133 537 3179 manu
560 3134 619 3178 sua
643 3112 714 3198 pila
735 3111 837 3198 gerit,
861 3110 1089 3197 praeeedit
1111 3110 1259 3177 anheli

340 3218 500 3285 militis
524 3238 597 3283 ora
619 3216 764 3304 pedes,
787 3219 958 3283 monstrat
981 3216 1129 3282 tolerare
1144 3237 1288 3302 vapores
1299 3216 1333 3299 1),

343 3346 411 3389 non
433 3322 529 3388 iubet
552 3325 587 3387 et
608 3321 705 3387 nulla
727 3320 865 3388 vehitur
889 3320 1018 3387 cervice
1041 3321 1179 3408 supinus

345 3429 570 3514 carpentoque
595 3425 712 3491 sedens
721 3450 729 3509 3

277 3622 341 3676 Tac.
361 3621 433 3675 Hist.
452 3621 536 3675 11160
555 3623 650 3690 ,initia
663 3622 795 3676 bellorum
809 3622 925 3674 civilium
946 3620 1117 3675 fortunae
1136 3619 1403 3688 permittenda,

277 3711 419 3764 victoriam
439 3710 559 3764 consiliis
573 3715 601 3764 et
613 3711 721 3764 ratione
733 3709 855 3779 perfiei‘ss
875 3711 922 3763 ubi
941 3726 1036 3764 sensus
1055 3718 1147 3764 tamen
1166 3709 1259 3763 differt
1278 3709 1405 3776 aliquan-

278 3799 374 3853 tulum.

373 3890 399 3956 1)
420 3889 576 3958 „Labores“
597 3903 689 3942 omnes
709 3887 823 3941 tradunt
842 3887 948 3942 codices
966 3875 1078 3957 praeter
1097 3889 1130 3954 V,
1159 3888 1206 3956 qui
1225 3888 1320 3942 scribit
1340 3903 1405 3958 ,va-

279 3980 386 4046 pores“,
407 3977 479 4046 quod
491 3984 523 4031 ut
531 3977 592 4030 loeo
603 3979 694 4045 aptius
708 3985 872 4044 receperunt
882 3977 982 4031 Hosius
997 3981 1024 4030 et
1034 3977 1179 4030 Francken
1192 3977 1292 4030 colluto
1302 3975 1339 4030 lv
1349 3979 1404 4030 305

440 4100 548 4152 quoque
568 4085 656 4137 minus
675 4090 789 4151 possent
808 4083 894 4137 siccos
913 4083 1033 4137 tolerare
1051 4099 1225 4152 vapores,

440 4175 582 4242 quaesitae
602 4173 706 4228 lecistis
726 4188 822 4241 aquae.

280 4281 405 4336 Ceterum
436 4282 553 4350 ,vapor“
583 4298 634 4349 pro
663 4287 742 4334 aestu
770 4284 797 4334 et
821 4280 912 4335 calore
939 4281 1004 4334 solis
1024 4281 1155 4336 usitatum
1181 4281 1269 4334 estin
1288 4280 1406 4335 Lucreti

279 4387 405 4425 carmine.
