3138 5178
645 493 993 616 ¹s-ao'-

323 687 499 764 Woelfflin
522 696 657 781 (Philol.
682 699 801 786 adp.
816 699 891 786 191)
918 699 1002 766 Aen.
1026 699 1098 766 VH
1123 695 1184 768 111

333 838 338 852 .
453 802 593 870 Cereale
617 803 724 870 solum
747 805 881 891 pomis
905 806 1164 892 agrestibus
1188 809 1316 893 augent

328 910 364 973 et
387 906 449 975 Ge.
473 907 618 974 111463
695 993 698 996 Ι

233 1030 237 1086 j
451 1011 520 1079 lac
542 1021 792 1080 concretum
815 1036 888 1080 cum
913 1015 1076 1101 sanguine
1098 1018 1198 1102 potat
1221 1015 1354 1102 equino,
1382 1023 1385 1030 '

308 1116 424 1200 reete,
459 1119 499 1184 ut
533 1117 678 1184 videtur.
735 1119 878 1206 Repetit
912 1119 1050 1185 Tacitus
1085 1117 1173 1186 Ann.
1198 1120 1265 1186 XV
1287 1121 1330 1186 45
1369 1143 1450 1208 „per

327 1221 510 1309 simplicem
534 1223 660 1290 victum
684 1227 719 1290 et
742 1224 996 1311 agrestibus
1019 1225 1187 1311 pomis“.

411 1328 569 1395 Proxima
593 1351 734 1418 quoque,
766 1351 864 1416 quam
887 1331 1037 1412 afferam,
1072 1352 1125 1396 res
1150 1329 1330 1416 plurimum
1353 1330 1448 1396 valet

323 1432 368 1498 ad
401 1433 642 1522 dispiciendam
666 1434 778 1502 Taciti
801 1433 968 1502 scribendi
1000 1438 1117 1502 artem.
1169 1435 1326 1502 Pertinet
1361 1435 1446 1502 haec

322 1534 457 1625 quidem
479 1539 687 1626 quaestionis
708 1561 786 1628 pars
802 1539 846 1606 ad
861 1543 1038 1628 poetarum
1061 1543 1196 1607 tantum
1217 1540 1446 1608 imitationem

320 1643 435 1726 talem,
460 1644 593 1731 qualem
615 1645 683 1711 iam
713 1645 864 1732 respexit
887 1644 1046 1711 Schmaus
1061 1647 1092 1729 ¹).
1138 1645 1207 1712 Res
1230 1646 1282 1711 ita
1304 1646 1383 1728 fert,
1408 1649 1447 1712 ut

323 1747 396 1835 ipse
418 1772 535 1817 versus
557 1748 689 1821 heroici
707 1750 782 1816 finis
798 1750 989 1838 cumprimis
1013 1750 1122 1817 animo
1146 1751 1332 1834 inhaereat,
1355 1749 1445 1816 unde

321 1853 445 1938 evenit,
478 1858 519 1921 ut
548 1855 733 1922 identidem
765 1857 870 1923 verba
891 1877 912 1922 a
933 1856 1044 1943 poetis
1067 1856 1103 1922 in
1125 1855 1190 1923 fine
1213 1855 1294 1922 talis
1327 1878 1445 1923 versus

318 1959 433 2046 posita
470 1961 582 2027 soluto
614 1963 728 2028 tamen
760 1961 801 2027 de
832 1960 1003 2027 industria
1033 1943 1172 2027 numero
1205 1959 1298 2048 operi
1332 1960 1446 2028 Taciti

320 2064 452 2150 inserta
485 2064 704 2134 inveniamus.
752 2067 854 2133 Cuius
887 2067 938 2132 rei
971 2065 1203 2134 illustrissima
1234 2068 1370 2132 tantum
1392 2089 1445 2132 re-

323 2172 438 2258 petam
454 2171 616 2260 exempla,
642 2193 726 2259 quac
742 2171 808 2238 iarn
824 2171 946 2237 attulit
963 2169 1122 2238 Schmaus
1145 2171 1181 2236 in
1203 2170 1444 2242 dissertatione

269 2349 270 2354 .
323 2297 427 2361 supra
449 2278 715 2344 commemorata.
761 2276 849 2343 Nam
880 2277 942 2342 hoc
966 2298 1097 2365 quoque
1120 2276 1220 2352 valde
1250 2277 1378 2343 attinet
1402 2275 1446 2342 ad

323 2374 556 2468 explicandam
588 2381 754 2450 rationem
785 2382 877 2448 inter
900 2382 1055 2448 Tacitum
1078 2384 1113 2447 et
1136 2381 1308 2447 Lucanum
1337 2381 1443 2450 inter-

320 2487 503 2554 cedentem.
561 2486 664 2576 Apud
693 2487 882 2574 Vergilium
905 2488 991 2554 Aen.
1015 2488 1034 2553 l
1056 2488 1118 2552 407
1133 2509 1203 2574 sqq.
1240 2488 1286 2552 sic
1314 2488 1443 2554 affatur

320 2597 355 2660 et
379 2593 513 2659 incusat
534 2593 669 2660 Aeneas
687 2593 853 2659 Venerem
874 2595 1016 2660 matrem
1040 2613 1061 2658 a
1081 2591 1152 2658 filio
1178 2594 1408 2659 avertentem:

409 2695 490 2787 quid
512 2702 631 2764 natum
653 2698 791 2780 totiena,
816 2696 961 2763 crudelis
985 2701 1025 2762 tu
1047 2719 1187 2784 quoque,
1212 2696 1309 2763 falsis

406 2803 494 2870 ludis
517 2801 744 2891 imaginibus?
789 2825 848 2869 cur
871 2802 1010 2869 dextrae
1034 2803 1174 2889 iungere
1197 2801 1351 2868 dextram

405 2931 473 2976 non
495 2908 598 2976 datur
620 2929 658 2974 ac
681 2929 779 2976 veras
803 2907 953 2974 audire
977 2910 1020 2973 et
1042 2905 1223 2974 reddere
1246 2889 1400 2974 voces‘d

319 3015 409 3102 apud
432 3015 587 3081 Tacitum
609 3014 699 3081 Hist.
723 3014 819 3080 1141
844 3012 996 3096 Caecina,
1020 3012 1155 3100 legatus
1179 3011 1445 3101 Vitellianarum

318 3120 477 3208 partium,
496 3118 986 3204 „audirecondiciones
1009 3139 1056 3184 ac
1079 3116 1271 3184 reddere
1288 3119 1443 3203 parabat,

319 3248 393 3291 cum
407 3225 610 3313 praccipites
627 3223 859 3314 exploratores
883 3223 999 3290 adesse
1021 3222 1152 3290 hostem
1175 3223 1394 3316 nuntiaverp“
1407 3222 1441 3304 2).
1563 3210 1565 3305 Ξ

319 3331 402 3397 Tum
427 3331 580 3399 conferas
599 3323 714 3397 ’11011111-
731 3331 834 3416 Verg.
859 3328 945 3396 Aen.
970 3328 1005 3393 ΙΙ
1031 3329 1094 3394 752
1107 3339 1177 3415 sqq.
1563 3310 1565 3339 ⁴

405 3436 570 3523 principio
594 3457 706 3502 muros
730 3437 918 3521 obeuraque
940 3433 1057 3499 limina
1080 3436 1209 3519 portae,

406 3563 473 3629 qua
495 3564 647 3629 gressum
669 3540 866 3622 extuleram,
890 3543 1007 3627 repeto
1032 3541 1068 3604 et
1090 3538 1354 3634 vestigiaretro

319 3697 321 3701 -
409 3649 590 3716 observata
620 3669 740 3734 sequor
772 3668 833 3734 per
866 3648 999 3712 noctem
1031 3648 1075 3710 et
1096 3643 1266 3709 lumine
1288 3643 1443 3710 lustro

318 3776 394 3820 curn
428 3752 540 3818 Taciti
562 3752 652 3818 Hist.
676 3749 714 3816 II
737 3751 779 3816 70
810 3749 905 3834 „inde
929 3749 1093 3815 Vitellius
1117 3747 1314 3814 Cremonam
1345 3747 1444 3814 flexit
1563 3748 1565 3799 Τ

320 3861 356 3924 01
394 3861 546 3944 spectato
576 3879 720 3924 munere
759 3855 922 3923 Caecinae
967 3855 1124 3920 insistere
1162 3853 1443 3921 Bedriacensibus
1473 3901 1479 3910 -

319 3964 443 4052 campis
468 3985 505 4054 ac
528 3963 676 4048 vestigia
705 3961 850 4028 recentis
873 3959 1039 4028 victoriae
1061 3959 1270 4026 lustrare
1294 3959 1443 4025 oculis

411 4210 437 4280 1)
458 4208 498 4264 cf.
519 4209 601 4264 seam
619 4207 713 4277 aega,
732 4207 750 4260 1.
770 4209 788 4261 1.
807 4225 834 4277 p.
853 4210 895 4260 42.

409 4301 438 4369 2)
458 4297 734 4364 01.Οο11111.64,166
755 4313 837 4366 „nec
849 4298 946 4351 missas
959 4294 1204 4362 audirequeunt
1216 4311 1280 4348 nec
1292 4293 1445 4351 reddere

319 4390 448 4444 voces“.
