3138 5178
767 517 983 582 ...50..

209 740 211 754 .
314 692 412 758 nibus
433 691 533 758 aviae
554 691 735 776 Augustae
758 690 964 777 accepisse“,
997 689 1091 756 alibi.
1137 689 1220 756 Cum
1242 687 1303 755 illo
1327 687 1440 758 Taciti

313 797 388 864 loco
411 795 547 882 septimi
561 795 689 861 Lucani
711 791 793 861 libri
815 794 970 862 nonnulli
991 799 1111 862 versus
1135 795 1217 860 sunt
1232 793 1438 862 conferendi.

314 900 436 966 Primis
467 899 566 966 huius
596 897 677 966 libri
708 899 862 966 versibus
894 900 1130 988 comperimus,
1164 899 1245 986 quid
1273 898 1438 966 facientes

313 1005 440 1072 milites
462 1004 611 1092 Pompei
624 1003 784 1092 degerint
814 1007 947 1071 noctem
978 1003 1133 1073 ultimam
1147 1039 1149 1044 v
1164 1007 1244 1071 ante
1274 1002 1439 1091 proelium

289 1104 291 1108 ’
313 1111 404 1199 apud
425 1108 628 1176 Pharsalum
648 1109 787 1177 factum.
839 1109 1011 1176 Admonet
1034 1112 1138 1197 poeta
1166 1108 1288 1196 vigiles
1311 1111 1439 1176 castro-

313 1237 397 1298 rum,
422 1237 464 1282 ne
486 1215 646 1302 rumpant
669 1234 801 1280 somnos
825 1215 892 1298 (vv.
912 1214 955 1279 25
968 1219 1052 1302 sqq.)
1412 1227 1415 1232 ·

815 1336 928 1404 nullas
952 1340 1036 1404 tuba
1059 1339 1216 1404 verberet
1240 1357 1350 1402 aures.

401 1443 552 1510 crastina
573 1443 675 1516 dira
697 1443 820 1530 quies
845 1446 881 1508 et
903 1442 1052 1528 imagine
1073 1445 1204 1510 maesta
1226 1441 1347 1508 diurna

400 1547 547 1636 undique
568 1547 835 1618 funestas‘aoies
858 1547 959 1627 feret,
981 1548 1129 1636 undique
1150 1547 1285 1628 bellum,

236 1728 239 1738 ,
314 1669 377 1740 hoo
399 1673 468 1752 est,
505 1693 578 1737 cum
603 1669 747 1757 primum
769 1671 938 1736 crastinus
962 1670 1152 1737 'advenerit
1182 1689 1320 1758 vesper,
1355 1667 1439 1736 adeo

314 1799 383 1842 non
398 1775 546 1863 quietem
561 1796 600 1841 aa
616 1795 767 1841 somnum
782 1774 953 1855 videbitis,
977 1777 1018 1842 ut
1041 1775 1134 1842 dirae
1156 1774 1331 1859 imagines,
1356 1795 1439 1861 quas

287 1871 463 1950 'interdiu
484 1881 620 1948 vidistis
643 1881 679 1946 in
702 1881 830 1966 proelio
858 1885 1053 1961 versantes,
1088 1885 1192 1948 nocto
1221 1881 1365 1948 redeant
1387 1885 1439 1946 at·

312 2009 377 2074 que
400 1987 497 2054 vobis
513 1988 746 2053 obversentur.
783 1987 937 2054 Lucanus
954 1989 1095 2054 verbum
1110 1986 1235 2073 quietis
1251 2008 1317 2052 non
1332 1984 1441 2051 solum

312 2102 458 2180 usurpat
488 2114 551 2179 pro
585 2093 706 2174 „nox“,
740 2090 942 2174 sedetiam,
975 2091 1065 2180 quod
1093 2090 1253 2158 audacius
1276 2093 1344 2173 est,
1377 2113 1438 2178 pro

316 2197 515 2282 „somnium“
526 2196 560 2282 ¹).
570 2230 571 2233 ¹
583 2195 656 2262 Iam
672 2198 774 2263 antea
790 2196 837 2263 sic
849 2204 925 2263 erat
941 2196 1073 2264 locutus
1085 2195 1127 2262 de
1140 2195 1278 2284 Pompei
1293 2195 1438 2261 somnio:

313 2303 358 2387 o-
382 2301 438 2389 21>

362 2421 364 2425 ’
421 2447 483 2511 per
506 2425 665 2510 ambages
686 2422 806 2489 solitas
829 2424 1006 2490 contraria
1028 2423 1111 2490 visis

421 2529 611 2595 vaticinata
633 2527 756 2614 quies
779 2529 894 2615 magni
915 2528 1001 2595 tulit
1023 2529 1134 2595 omina
1158 2527 1322 2616 planctus.

398 2650 495 2719 Adeo
529 2649 653 2716 similia
685 2654 765 2716 sunt
796 2652 903 2718 verba
932 2651 1044 2717 Taciti
1074 2651 1189 2718 versui
1219 2649 1364 2733 Lucani,
1397 2652 1439 2714 ut

307 2757 401 2840 ¹haud
423 2754 523 2843 facile
547 2755 723 2842 quisquam
745 2760 848 2842 neget
870 2755 966 2822 illum
995 2756 1120 2823 sectari
1149 2754 1247 2822 huius
1278 2754 1438 2840 vestigia.

399 2860 500 2926 Haud
513 2860 623 2927 minus
643 2865 774 2926 certum
789 2861 978 2948 proximum
996 2861 1222 2927 videturesse
1239 2859 1437 2947 exemplum.

403 3076 429 3143 1)
449 3073 478 3128 si
497 3074 591 3142 lingua
603 3072 705 3126 Latina
717 3071 819 3126 <licitur
840 3089 949 3142 „sonmo
969 3072 1070 3140 videre,
1089 3089 1140 3140 par
1152 3088 1268 3138 somnos,
1288 3072 1436 3126 insomnis

311 3163 435 3230 videre“,
463 3162 575 3217 verbum
600 3162 688 3216 somni
715 3141 839 3230 protime
865 3160 971 3216 accedit
996 3160 1032 3216 ad
1056 3167 1180 3216 nostrum
1202 3161 1347 3229 „Teuma
1392 3159 1434 3214 cf.

310 3253 414 3308 Heinze
433 3251 468 3305 ad
486 3251 568 3306 Lucr.
588 3251 692 3306 111431
721 3251 824 3320 („quod
851 3267 936 3319 genus
962 3251 990 3304 in
1010 3250 1110 3305 somnis
1130 3249 1213 3319 sopiti
1232 3249 1279 3302 ubi
1299 3249 1435 3304 ceruimus

265 3347 272 3359 '
311 3343 368 3396 alte
386 3340 498 3396 exulare
525 3356 654 3408 vaporem
680 3341 781 3394 altaria
805 3339 934 3406 ferreque
954 3339 1083 3410 lumnm):
1114 3339 1161 3409 „ln
1181 3339 1282 3393 somnis
1301 3339 1359 3392 lasst
1376 3339 1437 3392 sich

311 3431 355 3485 bei
379 3431 410 3484 L.
430 3429 537 3484 liberali
564 3430 616 3498 „im
635 3429 753 3482 Traum“
774 3429 951 3495 chersones,
979 3428 1035 3483 und
1061 3427 1110 3482 das
1133 3428 1170 3482 ist
1195 3428 1265 3482 auch
1291 3433 1369 3481 sonst
1394 3426 1438 3480 die

310 3519 494 3588 regslmi'assige
513 3517 715 3586 Anwendung“.
763 3519 891 3572 Lucanus
917 3518 1052 3572 communi
1078 3517 1165 3572 somni
1188 3517 1271 3570 verbo
1291 3517 1436 3586 supposuit

310 3609 413 3664 dictum
432 3609 552 3677 sermoni
570 3614 714 3677 poetarum
733 3609 883 3676 proprium,
904 3608 1024 3676 quietem
1042 3606 1112 3662 dico.
1149 3607 1193 3660 Ea
1210 3607 1272 3676 ipsa
1291 3623 1335 3672 re,
1363 3605 1436 3673 quod

310 3697 382 3752 idem
400 3698 512 3752 verbum
531 3698 642 3766 scripsit
661 3697 788 3762 Tacitus,
819 3698 927 3751 omnem
950 3695 1150 3751 dubitationem
1175 3696 1236 3750 tolli
1260 3703 1340 3766 puto,
1370 3696 1437 3763 quin

310 3787 396 3842 fuerit
413 3786 542 3840 Lucanus
561 3785 652 3840 Taciti
670 3787 818 3855 exemplar.
848 3817 882 3826 -
912 3786 954 3839 Ad
974 3785 1080 3839 Lucani
1105 3801 1200 3840 versus
1226 3785 1261 3839 cf.
1290 3791 1436 3854 praeterea

311 3877 378 3932 Luc.
398 3876 449 3929 Vll
468 3879 530 3942 164,
554 3877 600 3945 qui
619 3881 683 3931 sunt
703 3891 797 3930 versus
816 3874 850 3928 de
869 3875 1001 3930 militibus
1021 3876 1147 3930 Caesaris
1165 3876 1194 3929 in
1213 3881 1305 3930 castra
1323 3875 1437 3943 Pompei

310 3965 441 4034 ingressis
459 3967 542 4032 inque
560 3965 694 4019 cubilibus
714 3964 930 4034 propinquorum
949 3979 1073 4020 somnum
1091 3964 1279 4034 capientibus:

471 4089 539 4140 quos
558 4073 646 4141 agitat
664 4087 821 4126 vaesana
839 4073 938 4140 quies
958 4073 1098 4140 somnique
1116 4071 1249 4139 furentes,

329 4163 449 4218 et111e
468 4162 541 4217 diri
560 4168 617 4216 tum
636 4162 719 4231 plena
737 4162 860 4215 horroris
879 4162 995 4230 imago

469 4254 528 4308 visa
546 4258 630 4320 caput
648 4255 781 4306 maestum
800 4268 849 4320 per
867 4252 976 4306 hiantes
996 4252 1066 4306 lulia
1084 4258 1174 4306 terras

470 4342 575 4397 tollere.
