3138 5178
695 524 1016 619 '-3e-

341 747 418 797 ‘cum
440 729 546 796 fuerit
568 729 650 794 mihi
672 751 773 796 causa
801 729 899 794 buius
931 728 1081 817 opusculi
1111 727 1331 816 suscipiendi,
1366 727 1483 794 liceat

344 835 387 902 ad
413 834 674 902 exhauriendam
706 837 816 900 totam
849 835 1027 900 materiam
1060 855 1172 900 omnes
1204 832 1357 920 proferre
1379 833 1482 898 locos

337 943 386 1007 ab
409 940 469 1006 illo
486 939 656 1022 collectos,
679 943 720 1006 ut
736 939 1043 1026 diiudioemus'ipsi,
1068 948 1182 1006 utrum
1204 938 1273 1006 sint
1288 938 1483 1026 recipiendi
1529 975 1530 982 κ

344 1045 380 1114 in
402 1047 575 1112 numerum
599 1048 766 1111 certorum
789 1045 1016 1132 exemplorum
1039 1045 1094 1111 vel
1109 1044 1334 1132 probabilium
1356 1067 1479 1111 neone.
1529 1075 1530 1138 j

346 1150 558 1218 Sententiam
573 1149 719 1233 illorum,
743 1149 801 1238 qui
816 1153 954 1216 censent
970 1149 1082 1216 Taciti
1095 1149 1184 1216 Hist.
1202 1149 1221 1214 I
1236 1149 1256 1214 3
1283 1171 1361 1225 ,nec
1384 1151 1481 1216 enim
1529 1205 1530 1208 ,

346 1278 491 1348 uuquam
507 1255 729 1328 atrocioribus
747 1254 862 1342 populi
875 1254 1023 1349 Romani
1038 1253 1190 1322 cladibus
1206 1254 1357 1342 magisve
1373 1255 1481 1322 iustis
1529 1285 1530 1288 ¹

345 1363 477 1429 indiciis
502 1362 725 1449 adprobatum
749 1365 904 1428 estnon
927 1383 1020 1428 esse
1043 1382 1173 1427 curae
1195 1360 1288 1439 deis
1312 1361 1479 1428 securi-

344 1470 483 1534 tatem
504 1463 710 1548 nost'ram,
746 1489 842 1534 eece
865 1466 1115 1549 ultionem“‚
1150 1455 1316 1554 respicere
1343 1466 1480 1533 Lucani

335 1573 398 1639 ·IV
412 1575 476 1640 807
489 1591 559 1662 sqq.

412 1687 496 1754 felix
519 1689 628 1754 Roma
655 1687 787 1775 quidem
810 1688 959 1774 civisque
981 1687 1141 1755 habitura
1163 1690 1291 1772 beatos,

332 1885 333 1888 Ἴ
417 1795 453 1860 si
480 1793 718 1860 libertatis
742 1794 911 1881 superis
934 1796 1018 1860 tam
1042 1815 1144 1860 cura
1166 1793 1384 1881 placeret,

416 1921 542 1989 quam
565 1898 767 1968 vindicta
789 1899 938 1986 placet

350 2025 417 2092 iam
438 2024 511 2110 ipse
534 2022 654 2089 reiecit
666 2021 942 2109 Reitzenstein¹),
967 2021 1138 2110 praeierat
1153 2022 1350 2090 Franciscus
1363 2021 1482 2088 Ruehl
1529 2041 1530 2046 ’

349 2130 406 2218 qni
417 2127 613 2195 ostenderat
623 2127 648 2214 2)
658 2127 805 2195 Plinium
821 2128 959 2214 (Paneg.
971 2127 1025 2213 35)
1037 2127 1175 2194 similem
1192 2131 1295 2215 atque
1302 2128 1478 2194 Lucanum

348 2235 560 2323 prolocutum
584 2256 655 2300 esse
672 2233 892 2300 sententiam:
921 2233 1077 2323 ,Ingenti
1100 2233 1233 2322 quidem
1249 2233 1359 2300 animo
1376 2233 1478 2302 divus
1529 2319 1530 2326 ἵ

342 2340 446 2428 Titus
480 2338 657 2412 securitati
687 2341 825 2405 nostrae
857 2339 1047 2426 ultioniqne
1080 2341 1301 2426 prospexerat
1333 2338 1477 2426 ideoque
1529 2429 1530 2436 ἵ

348 2445 539 2526 numinibus
563 2447 726 2531 aequatus
750 2448 835 2511 est“.
867 2444 903 2510 Si
926 2442 1125 2532 quaerimus,
1151 2467 1235 2531 qnae
1257 2444 1346 2510 ratio
1365 2444 1474 2510 inter·

347 2549 447 2618 cedat
478 2551 569 2616 inter
600 2553 672 2616 tres
705 2552 859 2616 auctores
892 2549 1016 2616 similes
1048 2550 1234 2617 sententias
1265 2549 1471 2632 emittentes,
1529 2567 1530 2588 ³

347 2656 430 2724 haec
451 2656 655 2722 invenimus:
680 2656 732 2720 Ex
757 2656 836 2742 ipsis
860 2655 972 2721 Taciti
994 2657 1105 2722 verbis
1134 2659 1279 2744 apparet
1303 2678 1377 2722 eum
1399 2656 1473 2742 pla-

347 2763 451 2847 citum
483 2764 595 2828 sectae
628 2760 768 2826 alicuius
800 2760 971 2846 proferre,
1008 2783 1092 2847 quae
1124 2761 1203 2826 deos
1226 2761 1291 2856 etsi
1313 2759 1473 2826 mundum
1529 2757 1530 2836 J

348 2869 578 2954 gubernarent
600 2864 690 2932 haud
712 2865 763 2931 ita
786 2866 885 2932 anxie
907 2865 1068 2932 felicitati
1092 2866 1260 2933 hominum
1282 2866 1472 2952 prospicere
1529 2947 1530 2954 ἵ

347 2973 498 3037 docebat.
535 2970 630 3053 Quod
648 2970 779 3037 Stoicos
804 2971 924 3037 fecisse
947 2994 1043 3038 nemo
1066 2972 1184 3052 nescit,
1209 2972 1266 3060 qui
1281 2972 1368 3057 legit
1383 2971 1471 3057 apud
1529 3043 1530 3052 ἒ

171 3137 175 3144 .
246 3133 248 3135 .
351 3076 511 3144 Senecam
534 3087 593 3142 aut
609 3076 795 3161 Philonem,
819 3078 982 3165 quomodo
1000 3077 1138 3164 Epicuri
1161 3078 1392 3164 quaestionem
1414 3100 1472 3143 cur

347 3183 443 3250 bonis
466 3181 548 3251 viris
571 3182 661 3249 mala
683 3181 855 3264 accidant,
880 3182 1063 3250 solverint:
1096 3183 1188 3248 cordi
1211 3185 1264 3248 est
1286 3183 1340 3251 vir
1366 3184 1470 3248 bonus

349 3291 429 3372 deo,
455 3289 513 3356 sed
536 3289 599 3354 illa
622 3309 708 3376 quae
729 3287 820 3354 mala
841 3287 1009 3371 videntur,
1041 3310 1110 3354 non
1133 3291 1211 3354 sunt
1234 3288 1333 3371 mala,
1365 3311 1471 3376 neque

350 3395 495 3461 secunda
518 3416 649 3511 semper
672 3406 732 3458 nos
755 3393 809 3459 nti
823 3393 964 3460 fortuna
979 3393 1055 3462 vult
1071 3393 1161 3460 deus
1202 3393 1471 3480 Relinquebatur
1529 3411 1530 3472 ᾗ

347 3499 414 3566 iam
438 3503 477 3565 ut
499 3521 568 3565 non
590 3498 640 3563 in
647 3496 805 3584 praemiis
828 3498 974 3585 piorum,
1012 3497 1101 3565 sed
1091 3521 1128 3563 rn
1156 3499 1272 3585 poenis
1294 3497 1530 3588 impiorum
1529 3495 1530 3578 i

348 3604 516 3671 bominum
539 3603 755 3691 providentia
778 3602 833 3668 dei
856 3606 1104 3690 agnosceretur.
1154 3604 1247 3670 Hanc
1271 3603 1530 3670 sententiam

349 3709 487 3776 Tacitus
519 3709 650 3794 profert
679 3709 858 3775 verborum
886 3708 964 3773 lusu
995 3707 1197 3795 ornatam'l3)
1230 3708 1360 3774 Plinius
1384 3707 1530 3804 quod

349 3893 402 3930 von
420 3877 473 3930 den
492 3882 620 3942 strengen
639 3875 785 3930 Klassizist
774 3882 819 3929 ten
839 3875 1028 3944 ebensovenig
1046 3876 1096 3930 vie
1115 3893 1166 3929 von
1186 3875 1263 3929 ibren
1277 3875 1468 3944 Nacbfolgeru‚

349 3965 401 4020 den
422 3964 550 4040 Archaist
539 3973 599 4032 ten,
629 3965 783 4019 anerkannt
809 3981 843 4018 zu
871 3965 930 4018 sein
959 3967 1085 4019 sobeint-
1119 3966 1192 4019 Aber
1221 3965 1291 4019 auch
1319 3965 1468 4033 Quintilian
1529 3973 1530 4032 l

350 4054 489 4125 empfiehlt
507 4035 554 4108 ibn
564 4052 626 4120 den
645 4053 773 4108 Redueru
793 4054 833 4107 als
853 4055 928 4107 Must
917 4061 960 4108 ter
979 4055 1015 4122 (X
1036 4059 1058 4108 l
1072 4057 1114 4121 90,
1135 4054 1169 4109 cf.
1184 4070 1312 4124 suprap
1327 4054 1423 4109 3adu.
1434 4056 1468 4126 1)
1529 4097 1530 4122 ,

441 4146 511 4214 1.)p
532 4147 585 4198 204
604 4142 666 4197 adn.
688 4148 710 4196 l.

440 4234 539 4304 2)Rh.
561 4235 630 4288 Mus.
651 4236 693 4298 62,
704 4237 756 4287 310
768 4249 826 4302 sqq⁴

440 4326 469 4392 3)
488 4323 557 4376 Nam
576 4322 672 4376 ludere
692 4339 752 4377 euru
771 4323 799 4376 in
818 4324 928 4378 vocibus
948 4338 1029 4376 curae
1049 4327 1076 4376 et
1095 4323 1252 4378 securitatis
1271 4323 1343 4377 inter
1362 4338 1391 4377 se
1410 4340 1468 4378 cou-

352 4413 451 4467 iunctis
471 4412 541 4467 bene
562 4411 786 4468 animadvertisse
804 4411 913 4466 videtur
931 4412 1059 4466 Pohlenz.
