3138 5178
794 468 1011 536 -48-
1122 484 1161 527 N

338 641 456 708 uiciem
479 642 688 710 accelerare
705 646 740 726 ¹),
775 643 872 720 -Illis,
896 667 981 732 quae
1005 667 1106 731 supra
1129 643 1320 724 attulimus,
1353 667 1468 710 exem-

337 747 403 836 plis
433 747 563 814 accedit
585 748 662 815 Val.
686 748 738 814 Fl.
761 749 814 817 IV
830 750 894 814 252
928 751 1153 836 „urgentis
1186 774 1246 839 per
1281 771 1358 816 sera
1391 750 1464 836 pia·

338 854 415 919 cula
447 854 535 920 fati
567 854 730 920 nescius“'.
786 843 941 922 Proicime
973 855 1125 942 profecto
1157 856 1321 923 accedunt
1353 855 1470 922 Taciti

337 962 442 1025 verba
464 959 507 1025 ad
532 959 693 1037 Liviana,
723 983 831 1047 neque
853 965 968 1028 tamen
999 983 1061 1027 nos
1074 965 1179 1028 certo
1201 983 1301 1048 posse
1323 983 1395 1027 rem
1419 961 1469 1026 di-

338 1065 498 1147 iudicare,
524 1065 641 1131 sedin
663 1065 705 1130 iis
727 1067 844 1154 ,potius
867 1066 948 1134 locis
971 1066 1058 1134 huuc
1082 1067 1269 1134 habendum
1292 1089 1367 1134 esse
1389 1089 1468 1132 con-

335 1170 452 1252 tendo,
476 1194 559 1256 quos
583 1171 673 1236 infra
695 1174 867 1248 tractabo,
890 1165 945 1238 dos
970 1173 1053 1253 dico,
1076 1159 1141 1238 'ubi
1165 1173 1257 1238 inter
1279 1172 1469 1259 complures

341 1287 495 1342 auctores
511 1275 600 1341 haud
616 1275 717 1344 facile
730 1274 935 1342 diiudicatur
950 1279 1003 1343 cui
1013 1278 1124 1343 Taciti
1140 1277 1233 1344 locus
1250 1279 1296 1342 sit
1312 1276 1470 1343 addicen-

340 1379 411 1448 dus.
448 1379 515 1455 Sed
530 1382 596 1446 iam
613 1381 847 1466 transgredior
862 1381 906 1447 ad
921 1405 960 1448 ea
977 1404 1062 1469 quae
1076 1383 1151 1470 ipsa
1165 1381 1288 1470 collegi
1305 1381 1471 1469 exempla.

340 1522 343 1527 ·
428 1486 572 1552 Mediam
606 1487 642 1550 in
675 1509 821 1574 pugnam
855 1486 899 1554 ad
922 1486 1120 1555 Pharsalum
1153 1487 1280 1554 factam
1315 1487 1471 1554 ducimur

340 1591 418 1657 iude
450 1615 470 1656 a
501 1612 603 1659 versu
626 1593 689 1655 545
722 1591 803 1656 libri
837 1592 972 1680 septimi
1004 1591 1257 1659 Pharsaliorum
1296 1593 1469 1660 carminis¹

337 1696 411 1762 Iam
421 1723 423 1726 ·
434 1719 488 1762 res
511 1700 653 1766 venerat
672 1695 716 1762 ad
731 1699 854 1763 robora
867 1697 1005 1786 Pompei
1021 1702 1056 1765 et
1068 1699 1181 1765 media
1196 1699 1344 1784 agmina.
1388 1697 1468 1763 Una

338 1824 380 1869 ex
402 1803 669 1888 partetratres,
703 1805 834 1888 patres,
868 1793 1049 1891 propinqui
1072 1802 1206 1872 adversi
1229 1803 1470 1884 constiterant,

340 1911 383 1990 (v.
397 1909 461 1973 557
478 1910 563 1994 sqq.)
597 1903 603 1914 ’

337 2030 391 2096 hic
416 2013 550 2111 Caesar,
574 2031 685 2096 rabies
706 2029 824 2117 populi
847 2030 1069 2118 stimulusque
1092 2031 1246 2098 furorum

339 2158 382 2202 ne
405 2157 471 2222 qua
494 2139 592 2222 parte
615 2136 668 2201 sui
691 2139 809 2223 pereat
832 2136 949 2214 scelus,
975 2137 1110 2220 agmina
1132 2137 1269 2203 circum
1328 2188 1332 2195 .

341 2241 370 2307 it
392 2263 499 2326 vagus
524 2245 630 2328 atquc*
649 2241 1436 2328 ignesanimisflagrantibus·addit.
1546 2263 1547 2326 ,

260 2442 263 2446 ¹
342 2363 419 2430 Non
442 2363 482 2429 de
506 2365 629 2458 pugna,
660 2363 718 2430 sed
742 2364 782 2430 de
806 2364 915 2456 atroci
938 2363 1068 2432 Galbae
1091 2364 1318 2430 interficiendi
1342 2364 1473 2431 scelere

343 2471 460 2556 agitur
484 2465 753 2557 apudTacit'um
781 2461 887 2554 (aaa
903 2467 921 2533 Ι
937 2469 1009 2555 ⁶24):
1043 2467 1380 2556 „Flagrantibus
1403 2470 1473 2535 iam

342 2574 487 2662 militum
519 2574 670 2640 animis
705 2574 845 2641 velut
877 2574 1008 2640 faces
1031 2573 1284 2642 addiderat
1318 2575 1472 2641 Maevius

335 2676 487 2760 Pudens,
512 2702 529 2744 e
552 2679 715 2766 proximis
731 2678 924 2765 Tigellium
960 2679 1008 2745 Ut
1031 2679 1270 2767 perspiciamus
1293 2679 1472 2746 insolitum

299 2863 301 2870 Α
346 2785 514 2861 dictionis,
539 2783 626 2851 haud
649 2777 765 2871 inepte
789 2784 970 2872 opponitur
986 2784 1062 2850 Tac.
1079 2783 1168 2849 Dial.
1185 2786 1243 2850 40:
1272 2785 1363 2869 ,lam
1386 2807 1471 2851 vero

343 2891 516 2956 contiones
539 2889 694 2956 assiduae
718 2899 753 2954 et
777 2889 894 2954 datum
922 2889 974 2955 ius
1006 2890 1278 2975 potentissimum
1307 2911 1472 2977 quemque

229 3001 235 3010 '
343 2992 1472 3083 vexandi...'.quantumardor'emingeniis,qua'sora-

344 3101 522 3184 toribus
538 3099 659 3166 faces
675 3100 996 3183 admovebanr,
1020 3101 1077 3166 ubi
1099 3100 1208 3184 ,faces
1224 3100 1469 3168 admovebant“

343 3206 561 3273 artificiosius
577 3193 720 3292 fingitur
736 3227 797 3293 pro
817 3205 1081 3289 ,accendebaut“
1095 3206 1137 3288 ²).‘
1172 3195 1248 3272 Illis
1272 3211 1391 3272 contra
1406 3205 1472 3272 Ta-

343 3313 464 3398 citijet
485 3312 614 3378 Lucani
637 3311 721 3378 locis
744 3332 833 3378 nova
862 3314 965 3398 atque
994 3311 1150 3377 inaudita
1174 3311 1328 3377 exoritur
1348 3311 1472 3396 imago,

258 3427 261 3434 '
342 3418 440 3505 quasi
478 3439 560 3484 vero
599 3417 647 3482 rei
684 3416 751 3482 iam
789 3416 926 3482 ardenti
960 3417 1015 3483 vel
1051 3416 1213 3501 flagranti
1250 3415 1474 3482 admoveatur
1544 3403 1545 3476 l

343 3523 435 3588 ultro
459 3523 565 3608 ignis,
599 3520 690 3608 quod
711 3520 867 3587 Lucanus
900 3521 1041 3608 propria
1069 3543 1168 3602 voce,
1205 3521 1344 3588 Tacitus
1368 3523 1473 3587 verbo

346 3627 474 3712 ,faces“
508 3626 683 3715 exprimit,
718 3625 826 3693 lenita
857 3627 970 3692 tamen
1001 3625 1142 3693 audacia
1174 3625 1330 3692 dictionis
1354 3624 1473 3692 addito

433 3789 462 3855 2)
482 3785 523 3840 Cf.
543 3787 675 3839 Schmaus
695 3803 722 3855 p.
743 3787 783 3839 15.
885 3815 891 3828 ·

436 3877 463 3946 1)
483 3877 527 3930 Sic
537 3875 604 3929 dicit
615 3876 678 3929 Tac.
689 3879 753 3944 Agr.
764 3879 807 3940 33,
822 3891 900 3944 quem
912 3875 966 3928 iam
975 3863 1059 3944 supra
1073 3875 1279 3929 commemoravi
1291 3875 1396 3928 locum:
1418 3872 1475 3942 „Si-

331 3967 400 4020 'mul
412 3966 602 4020 instruebatur
612 3966 693 4033 acies,
714 3981 773 4018 cum
782 3965 911 4033 Agricola
922 3980 1085 4032 quamquam
1096 3963 1198 4017 laetum
1209 3970 1237 4016 et
1247 3964 1291 4017 vix
1301 3963 1476 4025 munimentis

344 4057 492 4111 coercitum
511 4056 624 4109 militem
638 4053 840 4108 accendendum
852 4053 940 4108 adhuc
955 4060 1041 4120 ratae,
1060 4055 1100 4106 ita
1120 4053 1290 4107 disseruit..
1307 4054 1340 4120 .“,
1359 4051 1394 4105 cf.
1407 4051 1474 4106 Sall·
1543 4115 1544 4126 χ

346 4147 404 4200 Cat.
425 4149 459 4201 59
488 4145 619 4212 „militum
638 4145 742 4198 animos
768 4143 961 4198 accendebat“.
999 4143 1064 4196 Cum
1086 4141 1176 4211 „faces
1203 4140 1401 4196 admovebaut“
1423 4143 1476 4196 He-
1543 4127 1544 4142 ¹

345 4252 426 4290 raeus
451 4233 560 4288 confert
580 4232 637 4288 Liv.
653 4235 776 4300 32,38.9
804 4231 888 4301 ,duas
915 4231 990 4286 faces
1016 4232 1179 4286 novantibus
1200 4247 1244 4284 res
1264 4230 1299 4284 ad
1318 4230 1427 4299 plebem
1448 4232 1475 4284 iu

346 4325 492 4398 optimates
511 4322 738 4380 accendendam“.
