3138 5178
774 507 991 574 „58-

262 645 281 666 ⁸
317 684 376 752 ubi
407 703 480 748 cum
504 683 782 750 Weissenbornio
815 682 974 770 supplere
1000 681 1167 765 ,pondus“
1193 681 1261 748 fuit
1285 702 1444 770 suparva-
1554 665 1555 668 Ἴ

209 825 211 830 -
319 810 467 870 coneum,
491 786 570 855 Val.
583 787 672 856 Max.
688 790 716 867 l,
731 787 760 853 7.
777 788 797 852 7
825 787 1023 877 „parvulum
1041 786 1234 874 temporis“,
1257 785 1346 853 Plin.
1362 808 1396 852 n.
1411 784 1445 852 h.

259 888 262 894 ’
318 887 369 975 20,
384 895 427 959 70
453 892 549 977 ,alba
572 891 751 980 epiphoras
774 893 873 960 sedat
894 892 1003 960 fronti
1025 891 1136 971 inlita,
1158 890 1315 960 aluminis
1337 912 1445 980 parvo

317 997 468 1065 admixto
484 998 597 1085 iguem
613 1019 744 1066 sacrum
762 997 834 1064 sine
851 995 924 1064 oleo
940 996 1060 1064 trita“.
1089 995 1443 1064 8111Η111011811

324 1125 486 1190 ,parvum
519 1102 572 1170 sui
603 1124 732 1189 poenae
766 1101 939 1189 reliquit“.
997 1101 1135 1170 Tacitus
1167 1101 1275 1188 magis
1310 1100 1447 1168 solitam

317 1207 477 1275 restituit
499 1207 689 1274 dictionem.

213 1408 215 1411 Ι
405 1320 449 1386 In
481 1320 581 1386 initio
615 1320 758 1388 alterius
791 1320 940 1408 opusculi
970 1320 1098 1408 partis,
1137 1342 1204 1407 qua
1227 1319 1445 1386 continentur

318 1425 486 1512 exempla,
520 1425 704 1512 dequibus
735 1425 893 1493 dubitare
925 1424 1049 1512 possis,
1085 1446 1171 1512 quae
1193 1428 1308 1491 11111111
1331 1421 1446 1512 aliquo

317 1529 391 1596 iure
413 1530 505 1598 111111
530 1552 564 1597 se
588 1531 775 1617 comparari
798 1529 935 1610 dixeris,
960 1527 1100 1616 profero
1123 1529 1251 1610 locum,
1276 1529 1370 1596 cuius
1393 1549 1446 1595 me

318 1635 447 1702 monuit
470 1635 716 1719 Reitzenstein,
741 1638 829 1701 Anu.
847 1635 919 1701 XII
935 1635 996 1700 42:
1033 1633 1156 1718 ,Suum
1185 1656 1317 1723 quoque
1347 1633 1448 1700 fasti-

16 1803 17 1812 ,
169 1755 177 1780 ‘
293 1739 410 1826 ,glum
444 1741 636 1830 Agrippina
666 1740 841 1807 extollere
878 1740 1001 1808 altius:
1044 1743 1204 1828 carpento
1239 1739 1448 1830 Capitolium

19 1835 23 1852 '
125 1890 132 1902 ·
231 1861 233 1865 ·
299 1845 469 1931 ingredi,
505 1846 563 1933 qui
585 1845 691 1912 honos
715 1845 947 1913 sacerdotibus
971 1849 1007 1912 et
1030 1845 1133 1913 sacris
1157 1843 1348 1933 antiquitus
1371 1865 1450 1910 cou-

318 1971 430 2016 cessus
464 1952 718 2017 venerationem
749 1953 898 2038 augebat
920 1949 1083 2031 feminae,
1119 1971 1219 2038 quam
1242 1949 1450 2036 imperatore

318 2056 480 2142 genitam,
514 2071 663 2122 sororem
686 2054 765 2139 eius,
798 2054 856 2142 qui
878 2077 990 2121 rerum
1021 2055 1152 2143 potitos
1186 2055 1242 2138 sit,
1277 2053 1448 2121 111111111-

319 2182 395 2247 gem
418 2163 453 2226 et
475 2163 617 2226 matrem
641 2159 764 2241 fuisse,
796 2161 930 2227 unicum
963 2159 1117 2228 adhunc
1148 2157 1237 2227 diem
1259 2158 1449 2246 exemplum

319 2267 403 2331 est“.
458 2264 631 2362 Nusquam
662 2266 767 2332 verba
802 2265 1009 2352 ,exemplum
1041 2267 1112 2332 est“
1148 2287 1222 2331 oum
1253 2262 1449 2331 accusativo
1554 2285 1555 2310 ;

318 2391 393 2436 cum
414 2369 585 2436 infinitivo
609 2369 789 2436 coniuncta
810 2370 925 2458 inveni
947 2369 1012 2436 nisi
1034 2369 1089 2436 hic
1112 2373 1148 2436 et
1170 2369 1261 2456 apud
1276 2369 1450 2456 Lucanum
1554 2369 1555 2418 l

319 2474 353 2540 X
369 2474 411 2540 26
424 2497 494 2562 sqq.
507 2499 513 2539 :

482 2607 628 2673 ludibrio
652 2615 811 2674 servatus
836 2609 922 2690 erat,
945 2630 1014 2674 non
1035 2605 1123 2674 utile
1144 2606 1267 2673 mundo

479 2710 591 2778 editus
608 2710 804 2799 exemplum,
828 2715 943 2778 terras
964 2715 1020 2779 tot
1034 2733 1132 2800 posse
1148 2714 1209 2778 suh
1225 2733 1291 2777 uno
1323 2744 1325 2747 ·
1411 2773 1414 2782 ,

478 2838 551 2882 esse
573 2837 658 2882 vrro.

322 2945 552 3015 Crediderrim
574 2948 683 3034 igitur
707 2947 863 3014 Tacitum
886 2949 1018 3015 imitari
1039 2951 1162 3037 poetae
1184 2948 1368 3015 audaciam.

410 3062 495 3127 Tum
510 3061 546 3127 id
562 3061 683 3128 addam
699 3062 898 3150 exemplum,
922 3062 1015 3129 cuius
1039 3064 1144 3129 verba
1165 3061 1262 3128 nulla
1283 3062 1358 3128 fere
1380 3061 1451 3127 alia

320 3167 454 3235 ratione
478 3169 559 3233 sunt
575 3166 775 3254 explicanda
797 3167 863 3234 nisi
886 3167 974 3254 quod
998 3167 1166 3256 ehupano
1183 3169 1264 3233 sunt
1279 3168 1447 3255 prompta,

320 3289 418 3360 quem
440 3274 557 3338 tamen
579 3272 707 3338 Lucani
730 3271 838 3338 locum
872 3256 961 3339 esse.
977 3273 1148 3339 imitatum
1171 3270 1327 3338 Tacitum
1347 3270 1449 3337 valde

320 3375 491 3444 miramur.
536 3376 725 3442 Enumerat
737 3376 893 3443 Lucanus
909 3377 1015 3444 tertio
1032 3376 1189 3444 carminis
1204 3376 1292 3443 libro
1308 3376 1448 3462 antiquo

319 3481 458 3548 Homeri
490 3479 563 3546 ritu
586 3479 724 3566 Pompei
754 3501 837 3566 quas
869 3484 988 3547 contra
1021 3502 1170 3548 socerum
1200 3484 1254 3548 est
1286 3480 1448 3546 ducturus

321 3586 423 3652 vires.
468 3583 652 3651 Phoenices
675 3583 880 3664 illustravit,
916 3608 990 3652 oum
1013 3586 1143 3653 diceret
1164 3584 1250 3652 hano
1273 3607 1347 3654 esse
1368 3607 1449 3672 geu-

321 3695 400 3772 tem,
424 3711 513 3780 quae
533 3689 642 3776 prima
664 3688 852 3756 invenisset
873 3688 1028 3757 litteras:
1053 3693 1098 3774 (v.
1115 3691 1180 3757 220
1192 3692 1277 3778 sqq.)

270 3861 272 3866 -
386 3819 571 3888 Phoenices
594 3820 704 3908 primi,
729 3820 840 3889 famae
863 3822 891 3888 si
914 3821 1077 3904 creditur,
1102 3823 1177 3890 ausi

386 3947 576 3994 mansuram
599 3925 739 3992 rudibus
763 3949 879 3993 vocem
903 3927 1055 4014 signasse
1076 3927 1278 4018 figuris⁸¹

387 4030 545 4099 Nondum
567 4030 741 4098 flumineas
764 4029 928 4118 Memphis
952 4034 1132 4099 contexere
1156 4031 1263 4099 biblos

322 4273 350 4320 et
375 4281 489 4334 parvum
515 4265 588 4333 auri,
618 4263 691 4332 quod
713 4266 787 4320 iuter
812 4281 914 4334 paucos
938 4265 1086 4333 divideret,
1115 4265 1316 4320 multitudinem
1335 4265 1449 4320 credens

280 4377 283 4386 ¹
321 4355 395 4410 trahi
414 4369 463 4424 spa
482 4357 589 4422 posses
