3138 5178
605 501 822 568 „89-

150 673 212 762 qui
233 695 351 742 versus
373 677 467 742 certe
493 673 563 742 fnit
585 673 692 742 Statii
715 675 897 764 exemplar.
942 674 1015 742 Neo
1035 696 1103 742 non
1122 673 1279 740 Lucanus

152 777 278 846 similia
309 783 390 847 aute
421 778 535 848 oeulos
569 769 727 848 habuisse
758 778 914 862 videtur,
952 801 1027 846 cnm
1061 777 1278 848 artificiosius

152 907 215 952 sua
248 886 354 954 verba
386 888 625 974 componeret..
668 884 726 951 Ad
748 883 840 951 Hist.
856 883 911 952 IV
925 885 969 949 47
1005 903 1146 970 ,magna
1178 881 1278 948 docu-

150 991 269 1058 menta
289 989 460 1057 instabilis
483 989 643 1056 fortunae
665 1009 908 1076 summaque
935 989 1085 1056 etima
1104 987 1278 1054 miscen-

149 1094 252 1178 tis“,
285 1115 372 1184 quae
403 1095 508 1162 verba
538 1093 575 1160 in
598 1097 749 1162 extremo
782 1093 895 1182 capite
927 1097 1008 1160 sunt
1030 1093 1159 1180 posita,
1195 1091 1279 1158 dicit

151 1197 322 1265 Heraeus:
341 1198 440 1284 ,Wie
454 1197 605 1284 Velleius
620 1198 694 1264 112
716 1199 854 1287 (quippe
869 1197 944 1266 Tib.
962 1197 1134 1265 Gracchus
1152 1218 1281 1264 summa

150 1303 227 1369 imis
249 1302 398 1386 miscuit)
429 1302 477 1370 ist
498 1301 664 1390 Anklcng
692 1324 736 1369 an
758 1301 842 1370 Hor.
859 1323 960 1370 carm.
976 1303 1004 1385 I,
1021 1303 1073 1369 34.
1090 1303 1133 1368 12
1165 1301 1279 1386 ,valet
1390 1357 1394 1365 .

149 1406 220 1474 ima
252 1407 388 1474 summis
410 1411 545 1475 mutare
567 1408 692 1490 dens“,
724 1430 792 1475 non
813 1414 923 1492 recte,
957 1411 999 1475 ut
1029 1406 1113 1474 mihi
1143 1405 1279 1495 quidem

150 1511 298 1594 videtur,
321 1535 397 1580 oum
418 1512 495 1591 loci,
517 1514 577 1601 qui
589 1512 729 1581 Taciteo
752 1513 860 1580 multo
883 1517 963 1580 sunt
985 1512 1163 1580 similiores
1172 1533 1280 1599 ¹quaro

148 1609 275 1684 Horati
306 1640 442 1700 versus,
472 1617 551 1685 inde
579 1639 601 1684 a
622 1617 782 1686 Cicerone
813 1621 950 1686 exstent
971 1618 1079 1707 idque,1
1102 1616 1193 1706 apud
1221 1640 1279 1685 eos
1358 1643 1361 1648 ·

149 1725 323 1805 auctores,
357 1745 441 1810 quos
475 1723 570 1810 sequi
604 1725 741 1790 constat
765 1723 932 1792 Tacitum.
976 1721 1113 1822 Dicitur
1142 1722 1279 1810 quidem

150 1825 243 1918 apud
258 1826 451 1896 Ciceronem
475 1826 517 1894 de
539 1827 630 1916 legg.
646 1826 706 1894 III
723 1829 763 1894 19
785 1826 828 1894 de
851 1829 1064 1894 tribunorum
1086 1827 1194 1914 plebis
1219 1850 1277 1915 po-

149 1934 298 1998 testate:
326 1931 413 2016 ,Qui
435 1933 621 2020 (praeeedit
635 1933 852 2000 tribunorum
868 1933 1053 2021 potestatis
1071 1934 1279 2020 comparatio

151 2057 228 2102 oum
250 2058 355 2124 puero
380 2036 524 2124 ,insigni
546 2037 592 2104 ad
613 2037 887 2106 deformitatem
912 2038 1019 2120 facta)
1042 2038 1205 2125 primum,
1239 2041 1280 2104 ut

148 2141 252 2228 impio
288 2140 426 2228 dignum
462 2143 547 2225 fnit,
586 2141 741 2231 patribus
779 2164 910 2210 omnem
947 2142 1107 2209 honorem
1141 2142 1278 2231 eripuit,

149 2246 292 2313 omnia
313 2245 468 2314 infima
491 2243 658 2315 summis
681 2246 779 2334 paria
793 2245 887 2328 fecit,
903 2246 1067 2330 turbavit,
1083 2247 1279 2314 miscuit“.

148 2349 295 2418 Accedit
316 2351 456 2419 Curtius
478 2351 600 2434 Rufus,
623 2352 682 2439 qui
705 2350 836 2418 inducit
857 2350 1092 2418 Alexandrum
1113 2353 1277 2440 Magnum
1360 2363 1364 2374 ¹

148 2455 232 2522 haec
256 2459 361 2524 verba
381 2455 562 2524 facientem
586 2455 691 2540 (VlIl
706 2459 757 2522 26.
774 2457 827 2541 8):
862 2455 947 2540 ,Ubi
977 2479 1058 2524 vero
1081 2457 1278 2524 reverentia

116 2643 121 2653 .
152 2558 300 2626 excessit
331 2560 467 2644 animis,
500 2563 537 2628 et
568 2583 727 2628 summa
757 2561 855 2653 imis
880 2560 1206 2644 confundimus,
1240 2563 1276 2630 vi

91 2676 97 2692 ·
148 2686 233 2751 opus
265 2668 338 2747 ost,
376 2668 416 2731 ut
449 2665 519 2731 vim
549 2665 784 2754 repellamns¹‘.
841 2663 996 2754 Denique
1026 2665 1138 2732 refero
1169 2666 1275 2754 ipsius

148 2768 279 2836 Lucani
300 2792 435 2837 versum
458 2793 500 2838 ex
523 2771 677 2837 oratione
700 2769 855 2838 Caesaris
877 2769 1018 2855 Metello
1040 2771 1276 2858 respondentis

152 2873 325 2960 prolatum
348 2873 527 2961 (m138):
579 2961 583 2966 ,

488 3038 556 3082 non
578 3014 791 3103 usqueadeo
815 3015 1084 3102 permiscuit
1106 3015 1202 3082 imis

153 3135 156 3142 ⁴
237 3120 391 3206 longus
415 3143 570 3187 summa
592 3121 704 3203 dice,
726 3125 767 3188 ut
789 3142 866 3198 non,
891 3121 921 3186 si
943 3143 1025 3187 voce
1048 3117 1181 3188 Metelli

237 3228 419 3294 serventur
440 3224 543 3311 leges,
567 3225 691 3291 malint
714 3247 736 3292 a
757 3225 904 3292 Caesare
927 3223 1052 3312 tolli1).

240 3364 358 3433 Verba
379 3366 493 3433 Taciti
513 3390 581 3433 non
602 3366 700 3433 modo
724 3365 906 3447 Ciceronis,
940 3364 999 3432 sed
1021 3365 1124 3432 etiam
1146 3365 1276 3433 Lucani

152 3491 224 3546 esse
242 3469 415 3539 simillima
428 3491 525 3538 nemo
548 3493 614 3538 non
631 3471 743 3540 videt:
769 3469 866 3538 illum
884 3470 1051 3558 respicere
1065 3469 1152 3538 hunc
1167 3471 1276 3560 ipsum

150 3597 194 3642 ne
216 3597 279 3662 ego
303 3575 438 3662 quidem
460 3575 703 3643 affirmaverim
711 3575 750 3661 2).
773 3615 815 3622 —

242 3790 269 3856 1)
287 3786 419 3840 Similiter
442 3784 509 3840 dicit
529 3787 594 3841 Sall.
606 3788 700 3856 ougo
728 3804 816 3857 „quae
841 3788 979 3842 contentio
998 3787 1091 3842 divina
1110 3794 1138 3843 et
1157 3789 1275 3843 humana

150 3879 249 3929 cuncta
267 3874 453 3944 permiscuit“.

240 3967 269 4032 2)
290 3965 378 4018 Aliter
396 3965 482 4019 sensit
500 3963 535 4019 de
552 3967 605 4019 hoc
622 3966 683 4020 loco
697 3966 729 4018 E.
743 3965 839 4033 Klebs,
856 3965 1067 4034 Entlehnungen
1084 3977 1136 4020 'aus
1144 3966 1275 4034 Velleius,

151 4053 250 4106 Philol.
271 4057 306 4108 49
325 4054 421 4122 (1890)
440 4070 466 4121 p.
486 4058 547 4108 303.
586 4055 685 4108 Allatis
705 4054 740 4108 ad
759 4055 850 4109 Taciti
868 4055 957 4108 locum
975 4054 1065 4110 Vellei
1083 4053 1174 4109 verbis
1192 4050 1277 4124 supra

151 4144 369 4196 commemoratis
388 4148 535 4209 utrumque
553 4141 727 4197 referendum
746 4159 807 4197 esse
825 4143 862 4198 ad
879 4144 969 4198 locum
982 4141 1179 4198 Sallustianum
1194 4143 1275 4198 hodie

150 4231 279 4284 omasum
303 4212 453 4295 contendit,
473 4247 533 4285 oum
551 4232 682 4286 Aurelius
695 4231 800 4299 Victor,
820 4233 986 4299 Ammianus,
1006 4232 1188 4301 Hegesippus,
1208 4249 1276 4300 quos

151 4325 262 4375 secutos
288 4335 349 4374 esse
373 4324 500 4374 auctores
520 4319 680 4399 Sallustium
702 4320 776 4376 inter
802 4336 894 4375 omnes
921 4325 1043 4388 constet,
1073 4321 1172 4375 similia
1199 4338 1277 4390 prae-
