3138 5178
579 498 793 562 „79-

217 671 319 738 Cuius
343 671 408 740 loci
431 673 511 738 mihi
534 672 631 739 venit
660 673 694 738 in
723 675 887 753 mentem,
923 693 996 738 eum
1019 674 1181 759 scriptum
1202 673 1249 740 le·

124 797 243 862 gerem
264 776 300 842 in
323 775 436 844 Taciti
458 777 608 864 dialogo,
642 776 678 842 in
700 777 865 843 Messalae
889 778 1041 844 oratione
1066 779 1150 865 (cap.
1174 779 1248 864 26);

129 881 270 965 ,Melius
309 885 362 947 est
403 882 591 948 orationem
631 881 704 947 vel
743 881 871 948 hirta
908 888 1016 968 toga
1053 883 1249 952 induere

125 1008 228 1072 quarn
261 985 386 1052 fucatis
420 989 466 1052 et
479 986 682 1053 meretriciis
716 986 868 1052 vestibus
903 987 1074 1073 insignire.
1132 988 1250 1076 Neque

123 1091 214 1156 enim
236 1091 407 1157 oratorius
429 1091 505 1174 iste,
532 1091 631 1158 immo
654 1091 789 1157 hercule
805 1114 847 1157 ne
863 1088 971 1158 virilis
987 1093 1121 1180 quidem
1136 1095 1248 1161 cultus

122 1199 188 1276 est,
212 1217 277 1282 quo
300 1195 453 1282 plerique
477 1201 665 1283 temporum
696 1201 891 1263 nostrorum
921 1201 1052 1264 actores
1076 1199 1127 1264 ita
1149 1202 1249 1264 utun·
1302 1195 1306 1201 ’

124 1304 196 1381 tur,
220 1303 259 1365 ut
280 1300 421 1366 lascivia
444 1301 624 1368 verborum
656 1304 691 1366 et
714 1301 859 1368 levitate
882 1303 1126 1369 sententiarum
1150 1307 1186 1370 et
1208 1303 1248 1369 li·

123 1405 239 1472 eentia
254 1405 506 1491 compositionis
523 1405 739 1472 histrionales
755 1407 870 1472 modos
886 1407 1097 1493 exprimant“
1111 1409 1143 1494 ¹).
1188 1409 1248 1475 Vi-

124 1509 273 1591 deamus,
298 1510 356 1596 qui
379 1511 426 1575 sit
448 1513 628 1576 verborum
651 1514 850 1576 contextus:
881 1511 1036 1594 Messala,
1062 1513 1249 1581 admirator

122 1635 270 1680 summus
301 1614 469 1700 pristinae
503 1615 595 1680 illius
630 1614 862 1702 eloquentiae,
901 1639 986 1703 quae
1018 1617 1176 1705 repudiat
1197 1619 1248 1686 ni-

120 1718 223 1782 mium
262 1719 426 1785 orationis
455 1723 620 1801 ornatum,
658 1720 789 1787 mavult
824 1719 879 1804 ,Q
911 1721 1055 1788 Gracchi
1085 1724 1248 1811 impetum
1277 1745 1278 1748 ’

121 1829 186 1888 aut
207 1823 245 1889 L.
271 1822 384 1890 Crassi
414 1823 650 1890 maturitatem
680 1847 777 1912 quam
808 1826 1021 1893 calamistros
1044 1829 1250 1896 Maecenatis

121 1931 185 1994 aut
214 1928 359 1996 tinnitus
382 1927 582 1995 Gallionis“.
627 1929 712 1994 Tum
734 1929 880 2013 inducit,
915 1931 1131 2018 quodmodo
1155 1937 1248 2000 attu-

123 2031 235 2116 limus,
260 2033 447 2100 orationem
471 2034 568 2120 quasi
591 2035 805 2117 animantem,
830 2057 929 2122 quam
951 2035 1090 2104 induere
1112 2042 1249 2117 tantum

121 2137 216 2203 hirta
247 2140 346 2224 toga,
381 2138 416 2203 id
447 2142 500 2204 est
531 2142 628 2204 veste
660 2139 905 2224 simplicissima
936 2145 971 2208 et
994 2165 1060 2231 qua
1081 2165 1247 2232 pauperes
1313 2227 1315 2231 y

123 2246 284 2324 utantur,
317 2265 384 2308 non
415 2243 600 2330 magnificis
636 2244 789 2310 vestibus
814 2268 937 2313 ornare
961 2246 1087 2314 deceat.
1134 2249 1248 2332 Facile
1319 2238 1326 2252 ’

123 2347 307 2414 couieoeris
339 2349 523 2434 respexisse
556 2348 711 2416 Tacitum
741 2351 868 2417 Lucani
899 2352 994 2418 illum
1027 2354 1152 2435 losum,
1191 2356 1248 2442 qui

122 2474 198 2518 cum
233 2453 399 2518 hominem
432 2453 580 2539 pristina
613 2453 674 2519 illa
708 2455 837 2522 virtute
869 2457 1023 2528 Romana
1056 2457 1247 2546 praeditum

123 2556 333 2640 celebraret,
372 2561 465 2624 certe
499 2565 575 2624 erat
609 2559 702 2625 inter
732 2560 935 2646 notissimos.
991 2562 1057 2636 Sed
1089 2585 1170 2632 cave
1204 2588 1246 2631 ne

122 2663 228 2728 alium
260 2662 369 2728 locum
402 2663 574 2748 neglegas.
628 2663 668 2729 ln
699 2663 905 2746 Quintiliani
938 2667 1016 2734 inst.
1053 2672 1138 2735 orat.
1174 2669 1246 2736 XII

125 2769 177 2834 10.
201 2769 243 2832 47
265 2767 347 2834 haec
369 2767 557 2834 invenimus
579 2771 704 2834 verba:
731 2769 802 2852 ,Do
819 2773 972 2859 tempori,
996 2794 1037 2838 ne
1056 2773 1150 2840 hirta
1166 2779 1248 2861 toga

123 2874 182 2955 sit,
204 2896 282 2955 uon,
306 2877 346 2940 ut
369 2874 486 2956 serica,
510 2897 552 2939 ne
576 2875 747 2949 intonsum
770 2881 881 2962 caput,
912 2901 979 2943 non
1002 2882 1042 2944 ut
1064 2879 1099 2946 in
1120 2881 1247 2967 gradus

122 2982 228 3065 atque
251 2977 369 3043 anulos
391 2982 569 3066 comptum,
594 3002 667 3044 cum
691 3003 740 3062 eo,
765 2981 853 3067 quod
877 2982 906 3047 si
928 3005 995 3048 non
1017 2984 1061 3049 ad
1080 2984 1246 3076 luxuriam

125 3104 167 3148 ac
189 3081 362 3148 libidinem
385 3083 525 3161 referas,
550 3084 665 3150 eadem
689 3085 893 3171 speciosiora
916 3073 1046 3175 quoque
1069 3089 1138 3154 sint
1161 3111 1246 3176 quae

123 3186 353 3254 honestiora“.
400 3188 581 3254 Videamus
605 3211 742 3267 rursus,
777 3190 834 3276 qui
864 3191 910 3257 sit
933 3214 1038 3258 nexus
1062 3195 1246 3260 sententia·
1298 3219 1301 3226 ’

125 3315 212 3357 rum.
268 3291 419 3358 Disserit
453 3292 685 3374 Quintilianus
719 3293 760 3360 de
795 3296 948 3362 oratione
982 3297 1124 3363 mediam
1156 3299 1246 3366 viam

124 3396 217 3462 inter
238 3397 374 3462 nimiam
397 3399 578 3463 verborum
601 3397 771 3464 luxuriam
793 3403 905 3486 atque¹
927 3404 1084 3467 ornatum
1107 3405 1143 3470 et
1164 3425 1247 3490 pau-

123 3504 262 3588 pertate
285 3505 433 3585 tenente,
468 3501 582 3568 itaut
608 3501 723 3600 ,salva
746 3505 956 3571 tractatione
979 3511 1116 3574 oausae“
1143 3508 1246 3575 etiam

123 3775 168 3824 καὶ
185 3774 282 3846 ἀχίτων
302 3775 335 3832 εἰς
353 3775 382 3825 τὸ
398 3775 517 3845 δημόσιον
537 3773 626 3848 προῄει
645 3774 697 3846 μέτ’
714 3779 820 3848 ἄριστον,
839 3777 931 3845 idest,
952 3781 1052 3833 omissa
1068 3781 1161 3834 tunica
1179 3788 1245 3850 toga

121 3861 211 3916 solum
230 3861 423 3916 indutus'erat
442 3863 518 3928 Cato,
539 3864 615 3918 euius
634 3865 675 3919 rei
694 3871 736 3918 est
755 3867 945 3928 documentum
964 3868 1047 3922 etiam
1063 3869 1158 3923 Horat.
1173 3869 1245 3938 Epp.

125 3951 138 4003 1
153 3954 197 4018 19,
207 3955 325 4005 12-14:

321 4059 406 4124 quid?
426 4061 450 4114 si
471 4062 532 4129 quis
552 4063 626 4116 voltu
645 4068 724 4117 torvo
738 4063 814 4117 ferus
828 4071 856 4118 et
869 4063 939 4133 pede
954 4065 1026 4120 nudo

321 4149 489 4218 exiguaeque
508 4158 590 4218 togae
609 4152 717 4206 simulet
735 4159 844 4207 textore
863 4155 992 4209 Catonem

319 4239 484 4292 virtutemne
504 4247 693 4308 repraesentet
711 4258 855 4310 moresque
874 4243 1005 4298 Catonis?

217 4355 243 4422 1)
263 4355 351 4408 Locos
371 4356 486 4409 contulit
506 4357 647 4410 Gndeman
666 4357 700 4410 ad
721 4359 792 4412 Dial.
813 4376 834 4413 r.
855 4362 896 4413 26.
