3138 5178
615 523 833 588 ..55-

159 697 267 780 mina,
303 697 488 764 Eridanum
510 696 584 763 dico
612 699 649 764 et
670 695 803 779 Nilum,
837 717 980 782 qnorum
1003 693 1173 762 Eridanus
1197 695 1289 758 esset

160 825 229 869 non
251 803 380 884 minor,
403 802 473 869 nisi
495 801 649 868 eveniret
672 801 777 868 certis
801 799 1026 890 temporibus,
1059 802 1100 866 ut
1120 796 1290 879 immensis

160 928 323 995 aquarum
345 907 451 994 copiis
470 908 594 973 ‘auctus
618 905 783 992 alveoque
805 927 960 992 egressus
990 902 1091 970 Nilus
1114 925 1175 989 per
1197 922 1290 988 mag·

162 1033 239 1080 nam
264 1014 300 1078 et
322 1011 458 1102 planam
480 1010 638 1098 Aegypti
660 1013 793 1100 partem
814 1008 997 1076 inundaret
1019 1010 1165 1089 terram,
1199 1003 1291 1093 quod

158 1121 232 1184 tum
254 1117 414 1183 nimirum
437 1138 512 1184 eum
535 1114 695 1182 redderet
718 1114 878 1182 maiorem
895 1113 1055 1180 Eridano.
1093 1111 1192 1178 Hunc
1215 1132 1288 1176 sen·

161 1243 235 1288 sum
256 1222 367 1288 inesse
389 1221 517 1287 Lucani
539 1215 848 1290 versibus‘oenseo.
894 1206 967 1284 Iam
987 1237 1094 1306 pauca
1117 1216 1224 1282 dicam
1247 1215 1289 1282 de

159 1329 270 1394 textu.

251 1430 408 1517 „Libycis
425 1481 432 1494 .
451 1482 457 1495 .
474 1430 629 1522 harenis“¹
674 1451 788 1520 omnes
814 1429 959 1496 tradunt
980 1426 1121 1508 [codices
1153 1427 1291 1512 praeter

159 1535 419 1603 Bruxellensem
427 1534 467 1615 G,
480 1535 537 1621 qui
549 1558 623 1601 cnm
632 1533 751 1601 Servio
765 1533 885 1600 scribit
898 1533 1065 1618 „Libycas
1077 1583 1082 1595 .
1096 1582 1102 1595 .
1114 1529 1288 1607 harenas“,

162 1664 236 1708 cum
245 1641 281 1724 Ο,
298 1641 334 1707 id
346 1644 401 1707 est
413 1639 610 1719 (lomenti,
627 1639 736 1725 prima
750 1661 868 1704 manus
883 1636 1067 1704 tradiderit
1085 1634 1251 1720 „Libycas
1262 1665 1289 1698 ..·

159 1746 457 1824 harenas“‚altara
467 1742 1041 1830 correxerit„Libycis..pharenisb
1066 1740 1131 1806 Sed
1143 1739 1290 1806 alteram
1424 1747 1427 1749 ’

165 1872 297 1938 quoque
320 1850 501 1918 lectionem
529 1851 572 1915 ab
602 1849 752 1935 antiquis
786 1847 994 1934 temporibus
1024 1844 1188 1912 traditam
1219 1865 1290 1910 esse

160 1956 227 2022 iam
248 1955 327 2021 inde
350 1959 512 2043 apparet,
545 1953 634 2041 quod
666 1976 732 2018 non
760 1952 867 2018 solum
890 1975 911 2016 a
934 1950 1068 2032 Servio,
1104 1936 1290 2016 sedetiam

161 2059 275 2127 codiee
291 2059 323 2124 G
346 2063 382 2126 et
404 2059 515 2147 prima
530 2057 718 2124 Commenti
742 2079 842 2123 manu
865 2060 919 2123 est
943 2059 1089 2126 servata.
1133 2056 1186 2121 Ac
1201 2052 1290 2134 mihi

162 2163 295 2252 quidem
327 2164 429 2230 lectio
461 2185 482 2230 a
514 2163 634 2230 Servio
665 2163 799 2230 tradita
832 2161 1001 2228 servanda
1035 2182 1109 2226 esse
1141 2159 1287 2226 videtur.

163 2269 252 2336 Vide
275 2269 379 2352 enim,
416 2268 568 2356 quitum
592 2268 637 2334 sit
659 2266 727 2333 loci
750 2289 876 2334 sensus.
926 2265 1045 2348 „Nilus
1070 2267 1211 2351 stagnat
1232 2261 1290 2328 Li-

161 2377 266 2462 bycas
282 2375 445 2440 harenas“
471 2373 559 2439 idem
575 2376 627 2439 est
643 2375 745 2460 atque
771 2371 935 2455 „inundat
949 2370 1097 2457 Libycas
1114 2369 1288 2449 harenas“,

160 2501 227 2566 qua
250 2479 497 2565 significatione
526 2478 660 2544 etiamsi
677 2479 826 2568 ‘verbum
857 2476 1040 2562 stagnan'di
1067 2474 1158 2563 apud
1181 2474 1287 2539 Luca·

162 2607 242 2649 num
264 2585 387 2650 iterum
419 2606 486 2650 non
509 2583 696 2650 invenimus
729 2581 934 2660 adhibitum,
967 2583 1082 2647 tamen
1111 2601 1184 2645 eam
1215 2600 1288 2666 pos·

164 2711 276 2756 sumus
308 2689 475 2754 affirmare
508 2687 620 2753 Taciti
651 2686 744 2769 loco,
782 2709 878 2772 quem
910 2685 1032 2752 attulit
1063 2683 1213 2750 Haskins
1246 2682 1290 2752 ad

162 2793 291 2859 Lucani
314 2815 463 2876 versum;
495 2787 610 2881 exstat
640 2793 753 2858 autem
776 2795 866 2857 Ann.
891 2791 984 2856 176:
1021 2789 1167 2874 „Eodem
1201 2769 1288 2853 anno

161 2898 329 2966 continuis
352 2897 515 2963 imbribus
540 2901 658 2980 auctus
674 2896 805 2979 Tiberis
828 2891 957 2983 plana
978 2893 1290 2980 urbisssstagna·

162 3006 328 3086 verat“,
359 3007 399 3069 ut
421 3003 482 3069 hoc
512 3024 650 3088 quoque
665 3001 738 3066 loco
762 3001 893 3081 videas,
923 3000 1128 3088 quambene
1151 2992 1291 3064 Tacitus

161 3108 206 3175 ad
229 3109 332 3175 verba
353 3117 531 3194 poetarum
552 3105 694 3172 insolita
715 3104 924 3172 illustranda
947 3103 1149 3170 adhibeatur
1170 3106 1233 3169 aut
1248 3125 1290 3168 ex

160 3213 230 3280 illis
253 3213 361 3280 lucam
392 3213 464 3300 ipse
497 3211 651 3298 accipiat.
706 3209 777 3276 Nec
809 3232 875 3277 non
908 3209 983 3275 iure
1006 3199 1117 3275 credit
1138 3207 1289 3274 Haskins

160 3319 243 3385 haec
272 3317 444 3385 annalium
473 3319 580 3384 verba
602 3316 770 3404 respicere
798 3313 841 3380 ad
863 3313 993 3380 Lucani
1015 3335 1145 3379 versus.
1193 3310 1291 3393 Quod
1427 3352 1429 3354 -

163 3425 193 3490 si
207 3423 351 3510 legimus
364 3422 522 3506 „Libycis
535 3474 541 3486 .
554 3420 739 3500 .harenis“,
753 3419 895 3486 concedo
909 3418 1043 3506 quidem
1057 3419 1161 3485 verba
1173 3413 1291 3501 „Nilus

162 3530 321 3615 stagnat“
347 3549 445 3614 posse
468 3525 647 3612 explicari;
683 3547 760 3592 nam
790 3546 888 3590 sensu
918 3522 1157 3604 intransitive,
1192 3543 1291 3608 quem
1378 3601 1380 3605 f

52 3647 55 3655 '
114 3620 117 3626 ¹
162 3654 329 3714 vocamus,
356 3633 557 3718 „stagnara“
585 3633 639 3698 est
661 3634 816 3696 nostrum
842 3629 1004 3711 „ausden
1015 3627 1290 3694 Uferntreten“.

165 3737 232 3806 Sed
263 3738 389 3805 iterum
421 3736 597 3803 ostendam
628 3735 859 3802 accusativum
889 3718 997 3821 magis
1030 3756 1102 3816 esse
1133 3732 1292 3799 idoneum

165 3843 209 3909 ad
232 3841 475 3910 illustrandum
496 3840 736 3924 Nilum-longe
759 3843 871 3906 terras
892 3835 1112 3906 inundantem
1136 3841 1172 3905 et
1194 3835 1292 3924 quasi

166 3970 260 4014 mare
291 3969 309 4014 e
340 3947 444 4013 terris
478 3945 667 4012 facientem.
714 3942 769 4010 Sic
791 3943 878 4010 illud
911 3965 991 4030 „par
1022 3943 1124 4029 plana
1145 3941 1290 4009 iacentis

163 4051 352 4140 Aegypti“,
377 4073 417 4118 ea
439 4072 538 4137 quam
560 4071 621 4116 nos
642 4048 795 4115 volumus
819 4047 1102 4135 interpretatione
1133 4049 1289 4135 probata,

165 4161 201 4224 et
227 4156 393 4242 „Libycas
409 4154 510 4221 Nilus
526 4156 706 4240 stagnaret
727 4152 892 4219 harenas“
918 4154 1001 4220 bene
1018 4151 1206 4241 depingunt
1228 4150 1289 4218 Ni·
1402 4177 1404 4184 ·

163 4261 234 4328 lum
255 4261 356 4348 longa
388 4259 512 4344 eripis
544 4280 715 4345 egressum
746 4256 1013 4344 magnitudinem
1035 4257 1194 4340 Eridani,
1229 4257 1290 4323 flu·
1334 4261 1340 4273 '

164 4365 264 4433 minis
285 4370 437 4433 ceterum
458 4362 552 4434 haud,
570 4363 622 4430 ita
644 4361 754 4450 parvi,
779 4364 1003 4452 superantem.
1115 4361 1117 4366 ’
