3138 5178
612 525 825 590 „57-

154 717 267 763 rerum
291 697 450 783 scriptor,
473 697 625 782 („lancea
647 719 751 765 saxo
768 699 957 784 erigitur“),
981 699 1109 766 Lucani
1135 701 1283 784 „exarsit

154 803 289 867 mucro“
316 823 377 868 suo
402 825 491 869 more
514 803 663 870 mutavit
686 803 841 880 Tacitus,
876 807 916 870 ut
940 809 1099 871 oreretur
1134 805 1188 889 „in
1210 823 1295 871 mn-·

152 926 289 972 eron-em
305 905 502 974 ardescere“
527 906 747 974 artificiosius
770 907 898 975 dictum
920 932 981 996 pro
1009 909 1078 992 „ita
1093 909 1279 991 ardescere,

152 1015 193 1077 ut
215 1033 330 1077 mucro
354 1011 562 1094 efficiatur“‚
596 1034 695 1100 quem
724 1013 876 1095 finalem,
911 1014 969 1100 qui
990 1027 1150 1094 vocatur,
1182 1038 1281 1082 usum

153 1115 417 1203 praepositionis
443 1102 516 1199 „in‘l
542 1139 642 1205 saepe
663 1111 966 1206 invenimus'apud
989 1118 1146 1186 Tacitum
1159 1120 1199 1202 1)]

240 1220 418 1287 Proximus
449 1221 539 1288 haud
570 1223 679 1288 minus
713 1222 880 1290 dilucidus
912 1227 965 1290 est
996 1223 1098 1290 locus.
1151 1226 1282 1312 Agitur

151 1326 242 1392 Ann.
259 1325 346 1392 XVI
363 1327 405 1393 15
423 1327 465 1394 de
477 1327 606 1394 Ostorii
622 1327 794 1394 cuiusdam
812 1349 914 1396 causa
937 1332 972 1397 et
987 1333 1111 1412 morte:
1140 1331 1193 1414 „Is
1208 1330 1279 1397 for-

50 1450 54 1454 ’
153 1430 336 1498 titudinem
359 1453 460 1519 saepe
483 1432 662 1499 adversum
682 1432 799 1499 hostes
824 1437 1013 1520 spectatam
1035 1435 1070 1500 in
1093 1457 1128 1502 se
1152 1437 1277 1522 vertit3

151 1538 190 1601 et
211 1533 291 1623 quia
309 1557 415 1603 venae
431 1558 631 1625 quamquam
646 1537 862 1628 interruptae
884 1560 1031 1625 parum
1054 1541 1279 1626 sanguinis

151 1639 448 1707 effundebant
470 1640 633 1708 hactenus
665 1663 777 1710 manu,
796 1643 888 1708 servi
910 1660 1007 1726 usus,'
1044 1649 1081 1712 ut
1104 1645 1279 1714 immotum

142 1745 331 1841 ¹pugionem
363 1745 563 1829 extolleret,
601 1747 774 1838 adpressit
806 1747 959 1814 dextram
992 1749 1063 1816 eius
1095 1749 1279 1838 iuguloque

149 1849 328 1932 occurrit“,
355 1850 414 1917 ubi
435 1855 515 1938 post
539 1873 676 1938 „parum
699 1851 891 1938 sanguinis“
918 1852 1054 1920 silentio
1078 1859 1130 1922 est
1153 1854 1302 1923 adden·
1368 1882 1370 1886 ·
1438 1869 1440 1880 ¹
1471 1913 1475 1922 .

147 1954 228 2021 dum
253 1977 372 2041 „quam
394 1958 434 2022 ut
456 1954 518 2022 boc
541 1956 638 2023 modo
662 1957 768 2039 emori
788 1960 936 2044 posset“.
975 1959 1055 2026 Luc.
1073 1959 1112 2025 II
1129 1961 1191 2026 126
1204 1982 1276 2049 sqq.

150 2059 314 2146 seriptum
337 2061 488 2127 videmus
512 2060 553 2127 de
576 2059 754 2128 Scaevola:

235 2185 272 2248 te
294 2205 426 2271 quoquc
448 2182 640 2268 neglectum
662 2184 822 2268 violatae,
847 2184 1020 2269 Scaevola,
1044 2185 1185 2255 dextrae

235 2290 315 2353 ante
331 2273 446 2376 ipsum
470 2288 645 2376 penetrale
668 2289 751 2354 deae
775 2311 972 2377 semperque
995 2291 1137 2358 calentis

186 2457 189 2464 ,
235 2395 428 2476 mactavere
450 2393 560 2476 focos5
585 2415 727 2481 parvum
750 2392 809 2460 sed
833 2394 925 2461 fessa
948 2400 1103 2462 senectus

222 2497 409 2582 sanguinis
433 2497 557 2563 effudit
578 2497 696 2584 iugulo
718 2497 925 2585 flammisque
949 2501 1109 2588 pepercit,

146 2619 206 2685 ubi
227 2617 342 2686 iacere
364 2641 431 2686 non
453 2641 639 2706 possumus,
672 2623 878 2708 utiparvum
899 2620 986 2687 illud
1008 2623 1161 2709 plurimis
1185 2625 1295 2691 codi··
1367 2692 1371 2709 ,

146 2745 220 2789 oum
243 2722 407 2790 traditum
430 2727 596 2791 mutemus
620 2746 694 2790 cum
715 2747 781 2790 uno
799 2726 869 2792 ¹uel
893 2725 1022 2793 duobos
1046 2727 1214 2796 codicibus
1237 2731 1274 2795 in

148 2831 303 2916 „ptrum“
336 2827 391 2894 vel
413 2829 449 2894 in
475 2830 661 2914 „paulum“.
707 2829 796 2896 Nam
823 2834 1062 2918 praeterquam
1094 2834 1183 2920 quod
1215 2858 1272 2923 op·

143 2934 228 3000 timo
259 2934 482 3000 conferuntur
517 2934 655 3016 similia,
693 2938 733 3001 ut
755 2936 835 3002 Luc.
851 2935 889 3000 Π
906 2937 970 3002 140
995 2937 1172 3024 „exiguum
1195 2962 1273 3006 san·
1324 2970 1327 2976 ·

142 3023 275 3124 guinis“
301 3043 337 3104 et
358 3039 509 3105 fortasse
531 3037 584 3104 IV
600 3039 724 3116 239l40
748 3061 894 3127 „parvus
927 3045 1066 3123 cru0r“‚
1098 3043 1168 3109 elia
1191 3048 1273 3111 sunt

143 3165 314 3232 perpauca
336 3144 485 3230 quidem,
521 3148 601 3210 sunt
622 3147 738 3212 tamen
761 3145 930 3233 exempla,
964 3147 1084 3234 quibus
1107 3148 1183 3234 ipsa
1205 3149 1271 3214 Lu·

141 3247 219 3316 cani
241 3248 345 3314 dictio
369 3248 586 3314 confirmetur
595 3248 636 3333 2),
660 3247 734 3316 Liv.
750 3250 802 3330 44,
821 3251 872 3315 26.
890 3251 910 3316 6
945 3273 1106 3336 „parvum
1123 3252 1222 3318 'aurff
1236 3253 1288 3339 ³),-

235 3435 274 3501 1)’
293 3433 383 3487 Taciti
402 3435 539 3488 sententia
558 3435 742 3492 coniecturam
762 3451 849 3488 meam
867 3434 976 3489 videtur
995 3435 1156 3490 confirmare
1175 3437 1271 3504 „arde-

141 3528 237 3577 scere“
258 3523 302 3576 hic
321 3527 434 3593 proprio
460 3539 542 3577 sensu
568 3523 684 3578 ardendi
710 3525 756 3596 (=
777 3525 839 3578 beiss
859 3527 927 3591 sein,
946 3527 1057 3593 glitten)
1087 3542 1148 3580 esse
1167 3525 1271 3580 adhibi-

140 3617 214 3679 tum,
246 3628 300 3666 non
326 3612 524 3680 significatione
544 3611 686 3680 radiandi,
712 3629 794 3681 quam
814 3613 926 3668 subesse
946 3614 1039 3668 volunt
1058 3615 1182 3668 nonnulli
1194 3631 1271 3691 com·

142 3707 321 3756 mactatores.
356 3702 419 3784 bion
438 3701 525 3758 solum
545 3702 636 3760 radiat
655 3719 761 3770 mucro,
790 3702 840 3757 sed
859 3703 943 3757 etiam
961 3704 1081 3758 calescit.
1120 3703 1163 3758 Ad
1182 3705 1271 3760 Taciti

140 3791 230 3853 locum
251 3790 285 3845 cf.
307 3796 452 3861 praeterea
472 3791 519 3844 Sil.
540 3791 600 3845 Ital.
621 3791 659 3844 IV
675 3795 719 3847 19:
812 3827 813 3830 =
1304 3793 1305 3798 ’

666 3899 782 3953 domitat
801 3915 867 3967 pars
887 3899 1003 3971 uerbere¹
1020 3901 1147 3955 anhelum

267 3986 441 4058 cornipedem
460 3989 487 4041 in
506 4005 587 4059 gyros
607 4004 768 4056 saxoque
788 3997 988 4057 exasperat
1006 4006 1132 4046 ensem.

232 4096 260 4162 2)
280 4093 321 4148 cf.
333 4095 453 4160 Kiibner,
473 4096 534 4150 Lat.
555 4096 674 4150 Gramm.
688 4097 714 4148 ΙΙ
731 4101 744 4150 1
765 4113 827 4165 pag.
841 4100 902 4152 430.
943 4095 1108 4151 adverbium
1122 4104 1270 4175 „parvum“

139 4182 264 4238 adbiberi
284 4199 334 4252 pro
355 4187 483 4252 „parum“
506 4184 637 4253 exemplis
657 4184 775 4240 docebat
790 4184 920 4255 Lindsay,
941 4187 1023 4240 Arch.
1044 4185 1062 4240 f.
1077 4188 1124 4242 lat.
1138 4189 1205 4242 Lex.
1228 4193 1268 4256 13,

164 4276 249 4326 ‚lea

141 4289 161 4341 p
234 4363 264 4430 3)
294 4362 372 4431 „lpse
399 4378 482 4430 equos
501 4362 686 4430 phalerasque
712 4369 740 4418 et
766 4365 863 4433 sagula
887 4364 987 4419 donum
1006 4366 1179 4435 principibus
1195 4366 1270 4421 ferre
1311 4397 1314 4404 ·
