3138 5178
599 557 817 624 ..37-

143 735 241 800 catur
262 733 333 799 sine
348 733 448 800 dnbio
464 733 652 820 genetivus.
699 729 766 800 Sed
780 733 865 800 bena
880 732 1024 801 adverte
1039 733 1149 800 locum
1166 755 1268 821 supra

144 837 296 921 allatum·
322 838 409 905 Hist.
427 839 503 904 149
526 823 617 922 dico,¹
635 837 692 904 ubi
718 840 877 925 „parensl
912 839 1168 926 cnm-,genetivo
1184 861 1267 906 con·

144 943 294 1010 iunctum
317 943 499 1032 respondet
517 943 700 1032 participio
727 945 928 1032 „appetensl
953 965 1027 1010 cum
1050 943 1165 1011 eodem
1189 965 1269 1014 casu
1320 1001 1321 1004 ,

143 1037 328 1133 coniuncto,
354 1051 426 1138 quo
442 1050 657 1117 confirmetur
679 1049 849 1116 sententia
871 1070 945 1116 mea
971 1070 1074 1136 supra
1088 1048 1267 1136 prolata1).

146 1154 297 1242 Denique
313 1155 366 1221 illi
392 1177 532 1243 „pareus
549 1155 647 1220 snae“
672 1152 855 1241 respondet
876 1154 912 1220 in
928 1159 1083 1222 extrema
1098 1153 1269 1222 sententia

147 1259 318 1347 „publicae
340 1265 497 1339 avarus“,
522 1259 576 1326 cui
598 1257 690 1354 haud
712 1261 823 1332 minor
845 1262 899 1328 est
914 1257 1066 1326 andacia.
1101 1257 1177 1326 Uno
1192 1262 1267 1326 ten·

144 1371 216 1432 tum
238 1365 355 1432 addito
378 1363 451 1432 loco
475 1365 574 1431 finem
597 1364 673 1432 huic
704 1359 872 1456 imponam
893 1364 997 1452 parti.
1041 1365 1132 1434 Hist.
1157 1366 1210 1434 IV
1226 1366 1269 1432 39

146 1492 207 1553 „ne
239 1469 369 1556 paratis
390 1469 524 1557 quidem
547 1469 715 1557 corrumpi
743 1469 875 1535 facilis“
910 1467 1018 1566 simile
1051 1469 1186 1558 quidem
1214 1475 1270 1540 est

141 1574 269 1642 Lucani
293 1573 330 1639 ΙΙ
345 1574 410 1641 656
436 1574 529 1660 „capi
544 1573 687 1655 facilis“,
710 1596 819 1660 neque
841 1576 955 1640 tamen
977 1574 1081 1644 ullam
1101 1576 1268 1656 rationem

142 1680 233 1747 inter
256 1677 317 1745 hos
341 1678 433 1747 locos
455 1679 668 1747 intercedere
690 1682 785 1766 puto,
809 1678 966 1766 quoniam
986 1679 1185 1764 infinitivus,
1210 1661 1270 1769 qdi

144 1785 313 1872 dependet
336 1782 377 1851 de
399 1783 593 1866 adientium,
626 1783 715 1850 haud
737 1784 867 1863 alienus
892 1787 945 1852 est
967 1804 989 1851 a
1011 1807 1177 1870 sermone,
1191 1857 1193 1862 ,
1209 1786 1268 1874 qni

141 1894 213 1957 tum
237 1894 346 1972 erant,
370 1892 556 1978 poetarum.
598 1889 690 1956 Haec
713 1893 802 1973 sunt,
827 1911 912 1977 quae
936 1911 977 1956 ex
996 1889 1268 1976 opereflocbelii

140 2017 294 2083 promere
317 1995 398 2062 mihi
421 1994 589 2084 proposui.
621 1993 812 2083 'Perpanca
830 1993 964 2082 quidem
981 1999 1070 2090 eunt,
1095 2017 1180 2084 quae
1196 2018 1265 2064 ma·

140 2107 222 2167 nent
259 2123 277 2168 e
314 2123 451 2167 numero
491 2100 718 2188 exemplorum
754 2101 798 2166 ab
836 2099 895 2166 illo
933 2099 1148 2168 collatorum.
1201 2101 1268 2169 Sed

140 2205 289 2294 fortasse
319 2209 412 2273 recte
444 2205 594 2288 coniecto
617 2204 723 2292 ipsius
747 2204 910 2289 Goebelii,
942 2229 1017 2273 cum
1038 2207 1169 2274 Lucani
1191 2230 1268 2277 ver·

141 2334 197 2377 sus
232 2310 408 2393 afferebat,
447 2308 536 2388 hand
569 2331 700 2398 semper
733 2309 839 2406 fuisse
874 2311 1078 2379 sententiam
1111 2311 1266 2380 Tacitum

37 2452 40 2456 ·
141 2416 302 2483 scientem
330 2415 492 2482 insistere
533 2415 689 2512 vestigiis
722 2419 854 2504 poetae.
911 2415 977 2485 Sed
1011 2417 1168 2506 quoniam
1202 2418 1267 2486 sibi

140 2527 364 2609 proposuerat
396 2522 544 2588 scribere
574 2521 615 2588 da
647 2522 780 2610 poetico
812 2521 944 2600 Tacitei
977 2521 1051 2590 stili
1082 2522 1213 2610 dolore,
1250 2548 1268 2594 e

139 2626 268 2695 Lucani
300 2647 430 2714 quoque
462 2626 610 2692 carmine
640 2625 847 2716 deprompsit
877 2628 1046 2716 exempla,
1079 2650 1165 2716 quae
1195 2629 1266 2717 qni·

141 2730 216 2799 dem
245 2733 387 2820 putaret
416 2735 489 2798 e'sse
517 2730 640 2798 idonea
668 2732 711 2799 ad
740 2732 985 2802 illustrandum
1007 2733 1119 2806 Taciti
1151 2734 1267 2802 stilum

140 2837 320 2924 poeticum.
1168 2827 1179 2840 ”

227 2924 312 3008 Tum
335 2941 418 3014 adeo
441 2963 538 3008 nemo
555 2963 657 3032 opere
678 2941 750 3008 eius
766 2941 985 3026 incitabatur,
1001 2946 1050 3028 ut
1066 2941 1265 3031 diligentins

140 3049 311 3118 tractaret
334 3068 422 3126 rem,
458 3050 498 3115 nt
519 3047 633 3134 potins
656 3046 830 3114 Woelfflin
852 3045 940 3112 nihil
972 3048 1124 3116 effecisse
1145 3049 1179 3115 in
1205 3049 1266 3116 hac

139 3174 177 3219 re
201 3151 586 3229 Goebeliumiudicaret
609 3151 663 3236 (cf.
688 3173 799 3242 supra
812 3175 845 3240 p.
871 3152 942 3239 34),
958 3227 960 3240 y
978 3175 1052 3225 cum
1073 3154 1265 3241 nuperrime

140 3255 377 3332 Reitzenstein
400 3256 541 3342 collegit
569 3256 733 3322 nonnulla
753 3279 843 3324 nova
866 3257 1029 3345 exempla,
1065 3259 1184 3347 quibus
1208 3259 1263 3326 de·

138 3365 348 3432 monstraret
364 3362 453 3428 viam
469 3363 511 3428 ad
528 3361 827 3447 redintegrandam
851 3363 1083 3453 quaestionem
1092 3364 1127 3452 2).
1168 3366 1262 3448 Quae

226 3595 257 3662 ,1)
283 3593 451 3662 Quamquam
472 3593 590 3649 concedo
611 3595 742 3664 „parcus“
773 3610 833 3649 cum
853 3596 978 3662 genetivo
997 3597 1171 3651 coniunctum
1190 3595 1264 3651 haud

139 3681 222 3736 facilc
242 3683 281 3737 sic
300 3683 440 3751 explicari,
467 3700 528 3739 cum
547 3684 694 3753 participia
712 3684 856 3739 verborum
876 3668 1112 3740 intransitivorum
1140 3701 1204 3741 raro
1223 3687 1263 3741 in·

139 3772 284 3827 veniuntur
303 3771 377 3840 apud
397 3778 523 3826 auctores
543 3772 623 3827 huius
643 3773 752 3840 aetatis,
772 3772 807 3827 cf.
827 3757 953 3842 Draeger
970 3775 988 3829 l.
1007 3775 1025 3828 l.
1044 3793 1072 3844 p.
1087 3778 1147 3830 483.
1186 3776 1263 3832 Oete-

138 3877 199 3914 rum
210 3877 278 3922 ,cum
292 3861 399 3915 Heraeo
418 3860 550 3918 admoneo
564 3861 677 3918 Sallusti
695 3862 750 3915 loci
769 3862 829 3918 Cat.
842 3865 867 3930 5,
880 3866 898 3916 4
918 3862 1042 3932 „alienae
1055 3870 1202 3932 appetens,
1221 3866 1264 3920 sui

138 3949 295 4018 profusus“,
315 3950 362 4017 qui
379 3951 456 4004 locus
475 3950 571 4006 Tacito
590 3950 644 4004 fuit
662 3951 821 4020 exemplari.
926 3956 928 3961 '

140 4059 143 4064 ·
228 4041 257 4108 2)
283 4039 301 4092 l.
321 4039 339 4092 l.
358 4041 468 4108 passim.
507 4039 560 4094 Sed
585 4040 717 4109 imprimis
736 4041 857 4110 respice,
884 4040 957 4109 qnod
976 4041 1042 4097 dicit
1060 4044 1089 4096 in
1107 4044 1263 4100 universum
1334 4073 1336 4078 ·

138 4128 328 4182 Reitzenstein
347 4127 380 4184 de
401 4131 509 4183 Lucano
523 4130 613 4183 Taciti
632 4137 745 4184 anctore
764 4132 802 4199 (p.
823 4134 876 4184 204
897 4130 960 4185 adn.
983 4133 1026 4202 1):
1049 4133 1125 4200 „Dass
1144 4149 1174 4186 er
1193 4134 1263 4203 (scil.

138 4225 236 4272 auctor
255 4217 368 4287 dialogi)
388 4219 487 4272 Lukan
506 4218 651 4287 hinzufligt
677 4219 725 4289 (ad
744 4221 895 4288 Vergilium
915 4227 942 4274 et
961 4221 1117 4290 Horatium)
1144 4222 1181 4276 ist
1200 4222 1263 4277 sehr

139 4308 263 4376 wichtig‚
292 4307 328 4361 da
354 4307 444 4362 dieser
470 4308 591 4362 starkste
616 4308 665 4362 der
692 4309 931 4377 Epigonennach
958 4312 1048 4364 seiner
1072 4311 1263 4379 perstnlichen

139 4396 264 4466 Stellung
283 4396 340 4450 und
359 4398 459 4452 scinem
478 4397 667 4464 rhetorisehen
682 4398 835 4454 Charakter
854 4383 906 4468 eng
922 4416 957 4453 zu
971 4400 1074 4454 Seneca
1085 4401 1189 4468 gehtrt
1207 4400 1264 4455 und
1316 4411 1320 4450 ι
