3138 5178
560 494 784 608 441-

108 712 291 802 explicatio
323 715 515 782 affirmatur
547 717 606 782 illo
642 719 811 799 ,veterem
842 720 1083 804 expertumque
1113 717 1234 804 bello‘f,

110 817 202 904 quod
224 822 405 907 opponitur
425 820 488 886 illi·
504 821 640 902 „milite
655 844 727 888 oum
751 822 882 888 subito“
899 823 935 905 ¹)·
959 859 962 866 .
980 820 1049 888 Sed
1073 823 1235 908 gravissi-

107 945 198 988 mum
230 927 283 990 est
313 925 400 991 illud
427 924 580 1009 ,nomina
610 947 707 1010 vana,
733 925 917 1008 Catonem,
952 925 1042 1014 quod
1065 927 1236 1015 exemplar

108 1028 180 1094 fuit
201 1027 290 1096 Hist.
314 1030 367 1096 IV
391 1031 433 1094 75
472 1031 637 1114 ,Muciani
666 1053 705 1098 ac
729 1030 916 1098 Domitiani
931 1073 932 1080 κ
949 1015 1061 1099 vana
1096 1035 1141 1098 et.
1165 1033 1236 1099 sine

108 1123 238 1200 viribus
262 1137 471 1220 nomina“;
497 1159 579 1224 quos
597 1136 749 1225 profecto
772 1137 863 1202 inter
885 1137 975 1203 locos
999 1139 1100 1202 tanta
1122 1141 1237 1204 exstat
1275 1216 1278 1224 ,

110 1239 306 1322 similitudo,
330 1244 370 1306 ut
392 1265 459 1309 non
481 1242 581 1313 facile
597 1242 771 1329 quisquam
793 1245 897 1329 neget
913 1225 1067 1308 Tacitum
1084 1243 1235 1310 alludere

114 1345 156 1410 ad
180 1345 307 1411 Lucani
329 1357 463 1413 versum
476 1347 509 1430 ²),
1297 1336 1300 1346 Χ

116 1483 230 1491 *ἠύ-η,
245 1487 249 1490 .
278 1487 320 1494 re.

190 1547 229 1612 Υ1)
249 1543 504 1615 Clitdnotationes
524 1543 760 1614 superLucanum
780 1547 834 1616 (ed.
849 1548 964 1600 loannes
977 1547 1049 1602 Endt
1064 1549 1138 1616 Lips.
1154 1549 1234 1618 1909)
1248 1560 1250 1564 ·

41 1622 44 1628 ’
109 1631 145 1685 ad
165 1649 272 1687 versum
291 1635 419 1688 allatum:
442 1637 543 1703 ,milite
563 1653 623 1690 cum
643 1636 748 1690 subito:
775 1635 803 1688 id
824 1639 866 1690 est
885 1616 981 1702 tirone,
1002 1645 1032 1690 ut
1051 1638 1094 1690 hic
1114 1638 1234 1692 novitate
1312 1703 1314 1708 Ι

109 1739 233 1790 pugnare
252 1741 306 1776 non
325 1725 439 1792 possit“.
1085 1797 1087 1801 f

168 1809 170 1814 '
198 1815 225 1880 2)
255 1813 350 1881 Neque
376 1819 466 1868 tamen
492 1832 547 1868 non
573 1821 706 1868 mutatum
735 1816 878 1868 transtulit
907 1815 1018 1870 Tacitus
1045 1815 1232 1870 hoc'dictum.

108 1903 177 1962 Nam
198 1903 271 1972 apud
300 1920 360 1956 euru
387 1905 470 1958 verba
491 1905 644 1972 „Muciani‘t
672 1913 699 1958 et
720 1905 902 1972 „Domitiani“
928 1919 991 1959 sunt
1010 1897 1143 1974 genetivi,
1173 1921 1231 1962 cum

108 1997 205 2046 contra
218 1992 291 2060 apud
303 1993 443 2047 Lucanum
459 1995 609 2062 ,Catones“
631 2011 691 2048 esse
710 1993 854 2064 legendum
868 2011 1004 2048 censeam:
1043 1995 1121 2062 Quod
1134 1999 1161 2048 iu
1175 1998 1236 2064 plu-'
1307 2053 1310 2056 ,

109 2081 186 2158 rimis
206 2082 398 2167 estitraditum
418 2082 570 2150 codicibus,
598 2083 784 2151 uisi'quodG
812 2091 839 2136 et
864 2092 1003 2139 corrector
1021 2085 1179 2141 Parisiniz
1205 2087 1215 2154 (

42 2211 44 2216 .
108 2170 184 2239 apud
202 2168 327 2241 Hosium)
346 2173 458 2241 scripsit
467 2201 468 2206 =
477 2174 614 2246 Catonis‘,
635 2173 658 2226 E
670 2192 695 2226 m
707 2191 723 2242 g
743 2175 812 2244 (scil.
832 2181 1005 2228 correctores>
1021 2174 1142 2228 codicum
1156 2175 1185 2227 M
1204 2182 1232 2228 et

109 2261 144 2328 G)
168 2249 342 2326 ,Catonumt
380 2263 441 2316 Huc
459 2261 592 2316 accedunt
612 2264 796 2317 Commentum
817 2265 934 2330 Lucani,
964 2263 1036 2330 quod
1055 2249 1140 2317 tradit
1160 2264 1231 2332 „Ca-

108 2351 214 2416 tonis“,
244 2357 271 2404 et
289 2352 444 2424 Hieronym.
465 2352 516 2419 Ep.
530 2355 573 2419 58,
588 2357 655 2419 7.2,
683 2353 782 2421 quiex
802 2355 895 2407 Persio
924 2359 987 2420 (sat.
1008 2353 1107 2422 11130)
1133 2361 1161 2406 ct
1179 2355 1230 2407 hoc

108 2441 169 2493 loco
198 2441 250 2494 sibi
279 2439 357 2508 fingit
387 2441 564 2495 sententiam:
593 2443 649 2495 noli
668 2429 792 2510 aspicere
822 2442 873 2510 ,ad
892 2443 1021 2511 phaleras
1040 2447 1069 2495 ct
1087 2442 1231 2496 nomina

110 2546 180 2582 vana
200 2531 382 2584 Catonum.
421 2547 471 2599 ego
491 2537 527 2598 te,
546 2532 643 2599 inquit,
662 2521 736 2586 intus
756 2539 784 2585 et
802 2533 830 2584 in
850 2541 911 2586 cute
930 2533 1017 2586 novi“.

201 2620 345 2687 ,Catonis“
382 2637 476 2674 errore
509 2621 615 2675 scribae
642 2623 757 2688 primum
782 2621 902 2676 fortasse
930 2622 1062 2690 scriptum
1087 2637 1137 2690 pro
1167 2621 1231 2689 „Ca-

110 2709 204 2763 tones“
225 2709 293 2762 nihil
306 2709 381 2763 aliud
393 2711 446 2763 nisi
459 2711 652 2764 nominativum
666 2711 780 2779 pluralis
794 2711 973 2779 significabat.
1011 2711 1080 2764 Tum
1092 2712 1232 2780 proximus

110 2799 209 2865 scriba,
229 2799 276 2866 qui
288 2797 315 2850 id
329 2801 482 2865 genetivum
496 2800 642 2868 singularis
655 2816 715 2854 csse
728 2793 851 2868 putabat,
872 2801 988 2854 mutavit
1006 2801 1034 2854 in
1055 2784 1231 2868 „Catonum“',

110 2895 141 2940 ut
160 2889 272 2942 verbum
290 2879 509 2966 accommodaret
534 2889 636 2957 plurali
665 2891 790 2958 ,nomina
809 2891 905 2944 vana“‚
945 2873 1176 2956 ,Caton'e's'l'esse
1195 2891 1233 2943 le·
1309 2957 1311 2961 Ι

110 2977 226 3046 gendum
247 2977 388 3032 confirmat
407 2979 537 3046 exemplis
557 2994 590 3031 ex
609 2979 669 3046 ipso
680 2963 791 3032 Lu'cano
804 2980 912 3034 collatis
925 2979 1035 3046 Weber,
1057 2980 1114 3054 sci-l.
1126 2979 1172 3032 Ἢ
1182 2981 1233 3033 795

259 3066 315 3120 vidi
333 3084 383 3136 ego
404 3068 541 3134 laetantis
561 3069 762 3156 popularia
781 3069 940 3135 nomina,
960 3061 1074 3136 Drusos,

130 3174 240 3226 V11121
264 3174 532 3244 Bompeiuserit
550 3175 854 3248 miserabilenomen,
937 3156 938 3161 ἵ
1101 3157 1105 3163 ’

111 3281 126 3318 e
146 3265 206 3323 Silii
225 3264 314 3317 ltalici
334 3265 399 3316 Vlll
418 3268 470 3318 253
491 3271 654 3332 sacrataque
673 3266 816 3319 nomina
829 3265 919 3318 vMarti
938 3263 1145 3334 Scipiadas.

113 3370 166 3424 Sed
184 3376 280 3436 restat,
306 3376 337 3424 ut
355 3371 431 3424 aliud
449 3372 493 3424 hic
512 3363 620 3439 quoquc
639 3370 779 3426 disseram.
817 3372 934 3439 Respice
954 3371 1128 3438 Sili·ltalici,
1156 3387 1235 3439 quem

113 3461 284 3527 Punicorum,
306 3476 376 3528 quae
394 3474 534 3524 vocamur,
547 3466 694 3520 auctorem
713 3461 797 3518 semel
816 3467 899 3529 atque
917 3462 1016 3514 iterum
1036 3461 1161 3514 secutum
1177 3476 1238 3514 esse

112 3551 237 3604 Tacitum
257 3566 342 3618 supra
360 3548 448 3618 docui,
468 3565 576 3604 versum
594 3550 691 3604 X1582
723 3585 725 3590 ·
756 3595 758 3599 .

321 3673 370 3710 nec
390 3659 461 3711 enim
480 3673 624 3726 superesse
643 3659 780 3711 iuventam
877 3675 879 3678 ·
906 3667 907 3670 ’

131 3819 133 3822 Ι
229 3747 1115 3816 acstareAusoniaevacuumsinecorporenomen,

114 3870 229 3922 quocum
249 3868 329 3906 versu
350 3853 470 3922 sepulcri
489 3853 634 3922 imaginem
652 3860 808 3925 ‘revocante¹
821 3855 895 3923 „sine
910 3869 1024 3922 corpore
1038 3855 1150 3907 nomen“
1171 3871 1240 3908 com-

113 3944 208 4011 parari
234 3943 322 4011 possit
340 3943 554 3996 Laberii'locus
581 3943 667 4012 (Prol.
688 3947 734 4012 27)
764 3949 815 3997 aut·
831 3943 970 4012 Propertii
995 3943 1054 3996 Ill.
1069 3947 1111 3996 72.
1150 3943 1239 3999 Taciti

114 4033 191 4100 „sine
217 4031 319 4085 viribus
348 4033 460 4085 nomen“
491 4033 655 4086 simillimum
685 4040 728 4086 est
758 4032 808 4084 Sili
841 4033 915 4100 ,sine
934 4047 1049 4099 corpore
1068 4035 1181 4085 nomen“
1212 4033 1240 4085 in

112 4121 166 4175 fine
185 4137 280 4174 versus
301 4121 403 4174 heroici
421 4121 517 4189 positi,
544 4127 576 4173 ut
595 4121 697 4188 optimo
716 4123 776 4175 iure
797 4121 912 4188 cogitari
931 4122 1031 4189 possit,
1058 4121 1110 4174 hoc
1129 4135 1237 4189 quoque

113 4212 173 4265 loco
200 4194 315 4264 duorum
343 4215 485 4263 auctorum
513 4212 664 4264 sententias
683 4216 754 4264 ante
780 4211 918 4264 oculosei
937 4226 997 4264 esse
1016 4217 1148 4264 versatos,
1187 4209 1239 4264 Sed

113 4303 167 4353 huc
187 4299 293 4354 accedit
312 4298 402 4353 aliud:
423 4299 493 4352 Hist.
508 4299 568 4352 130
587 4300 737 4367 inoptimo
757 4301 846 4353 Taciti
866 4299 958 4353 codice
977 4297 1111 4353 traditur:
1133 4301 1179 4368 „Si
1197 4315 1241 4352 res

63 4440 66 4449 ,
115 4391 226 4460 publiea
245 4395 273 4442 ct
292 4399 405 4443 senatus
424 4393 452 4442 et
471 4388 589 4458 populus
608 4403 721 4443 vacua
739 4389 886 4442 nomina
905 4395 983 4456 sunt,
1002 4394 1110 4456 vestra,
1137 4389 1242 4442 commi·
