3138 5178
641 561 852 626 ..85..

179 738 244 805 hoc
265 759 365 804 sensu
387 736 477 825 apud
499 735 702 824 Vergilium,
725 757 824 824 quem
846 736 981 803 confert
1001 735 1194 818 Furncaux,
1216 735 1305 802 Aen.

180 843 279 910 1111
398 857 400 862 '
895 841 963 908 tris
985 841 1096 908 Eurus
1120 844 1162 908 ab
1185 839 1258 908 alto

343 983 346 988 ·
446 947 482 1014 in
497 937 666 1015 ‘brevia
688 951 725 1014 01
748 946 854 1034 syrtis
876 949 981 1032 urget
994 947 1027 1034 ¹),

178 1056 253 1118 tum
273 1053 361 1120 Aen.
385 1051 418 1118 X
433 1051 498 1118 288
525 1079 527 1084 ·
756 1050 858 1118 multi
880 1073 1020 1118 servare
1042 1073 1197 1123 recursus

157 1151 183 1246 ι’
266 1156 461 1244 languentis
483 1155 599 1244 pelagi
621 1159 657 1222 et
679 1156 889 1224 brevibus
913 1177 948 1223 se
971 1155 1106 1223 credere
1131 1156 1222 1223 saltu
1253 1154 1254 1157 ’

177 1266 215 1328 01
236 1261 410 1350 imprimis,
434 1259 525 1350 quod
546 1282 606 1327 000
631 1260 786 1347 attingit,
811 1260 1041 1329 11qudess

222 1368 304 1444 1000
336 1375 445 1462 magis
468 1375 649 1462 impactum
672 1373 884 1443 brevibus
903 1395 997 1441 mare
1018 1378 1181 1463 terraque
1203 1395 1304 1462 saepe

223 1481 325 1549 obvia
346 1501 560 1567 consurgens.

175 1602 281 1692 Apud
297 1603 448 1672 Graecos
473 1601 630 1688 ,brevia“
657 1606 711 1670 est
736 1603 904 1690 ,tpupa'u“,
927 1606 967 1669 ut
986 1602 1077 1692 apud
1091 1601 1303 1670 Herodotum

176 1709 310 1776 H102:
343 1707 485 1772 θάλασσα
508 1709 605 1772 οὐκέτι
628 1707 732 1792 πλωτὴ
767 1705 824 1772 ὑπὸ
848 1707 996 1794 βραχέων.
1043 1706 1175 1786 Primus
1199 1729 1217 1774 0
1239 1706 1304 1773 La·

175 1813 260 1882 tinia
283 1815 477 1882 auctoribus
508 1817 649 1881 verbum
674 1815 718 1880 ’10
750 1814 898 1890 solutam
921 1813 1110 1880 orationem
1131 1811 1304 1880 induxisse

175 1919 315 1988 videtur
338 1919 543 2009 Pomponius
569 1919 657 1986 Mela
680 1919 772 1986 135:
807 1916 944 2006 ,Syrtis
977 1919 1071 1986 sinus
1094 1919 1146 1986 est
1169 1920 1314 1992 cautum,

175 2026 250 2092 fere
271 2025 368 2091 milia
389 2046 566 2114 passuum,
601 2046 668 2114 qua
691 2047 783 2092 mare
811 2024 935 2112 accipit
964 2028 1103 2114 patens,
1138 2025 1305 2105 trecenta,

175 2152 244 2218 qua
266 2130 407 2216 cingitz·
426 2152 541 2196 verum
565 2131 792 2218 importuosus
824 2133 928 2218 atquc
948 2134 1053 2214 ,atrox
1076 2133 1113 2197 01
1135 2132 1177 2195 ob
1199 2128 1304 2196 vado·

174 2257 251 2301 rum
273 2234 499 2322 frequentiam
522 2234 694 2316 brevia,
728 2236 902 2323 magisque
937 2235 1042 2302 etiam
1075 2238 1116 2301 ob
1151 2233 1303 2305 alternos

175 2343 288 2406 motus
310 2339 426 2428 pelagi
446 2339 621 2406 affluentis
644 2361 683 2408 ac
706 2340 882 2406 refluentis
916 2339 1095 2406 infestus“.
1151 2337 1302 2406 Proximi
1339 2419 1343 2428 μ

160 2446 256 2511 ,0001
278 2443 392 2512 Taciti
413 2444 496 2528 loci,
528 2468 613 2512 unus
636 2445 683 2528 is,
706 2467 804 2534 quem
827 2444 948 2526 attuli,
973 2444 1062 2512 alter
1084 2445 1175 2510 Ann.
1191 2443 1245 2510 VI
1261 2445 1303 2509 33

183 2549 361 2632 ,hibernus
384 2552 501 2616 auster
523 2550 675 2618 revolvit
696 2550 819 2618 fluctus
841 2550 1005 2638 pulsoque
1022 2549 1189 2619 introrsus
1210 2550 1303 2617 freto

179 2655 331 2722 brevia
347 2642 492 2722 litorum
523 2653 715 2722 nudantur“
747 2654 783 2720 in
805 2655 872 2720 tine
905 2655 1044 2744 capitis,
1079 2654 1222 2742 denique
1245 2653 1307 2720 ad-'
1359 2641 1366 2650 ⁶

177 2761 279 2827 misso
288 2783 428 2829 numero
439 2759 737 2847 singularimaiore
747 2759 906 2848 loquendi
917 2760 1057 2828 licentia
1068 2760 1157 2828 Ann.
1169 2759 1303 2828 XIV29

181 2867 335 2950 ,Monam
356 2861 513 2949 insulam,
542 2865 662 2933 incolis
685 2866 833 2934 validam
856 2870 893 2933 01
915 2861 1167 2954 receptaculum
1188 2865 1303 2954 perfu-

177 2992 307 3056 garum,
323 2970 468 3057 adgredi
482 2974 584 3057 parat
607 2969 782 3057 (Paulinus
796 2969 991 3057 Suetonius)
1011 2991 1182 3058 navesque
1198 2969 1303 3037 fabri·

177 3078 277 3142 catur
308 3075 410 3163 plano
443 3074 541 3142 alveo
572 3073 1172 3142 0100000010000011000010001.
1217 3074 1303 3141 For·

178 3184 273 3270 tasse
295 3179 406 3268 ipsum
430 3179 620 3268 Vergilium
644 3183 777 3246 secutus
800 3183 853 3246 est
876 3179 1031 3263 Tacitus,
1064 3179 1303 3248 0101οΜ01000

179 3284 332 3372 exemplo
354 3285 507 3351 volumus
531 3305 653 3371 cogere
675 3286 817 3350 verbum
838 3283 906 3350 iam
920 3283 998 3351 iude
1013 3284 1199 3371 aVergilio
1215 3306 1302 3350 com-

179 3410 278 3455 mune
301 3389 408 3457 fuisse
430 3393 608 3456 auctorum
629 3389 832 3456 Latinorum
855 3387 1003 3456 dictioni.

158 3513 162 3520 ·
264 3492 439 3562 Aduerbio
466 3497 605 3582 ,super“
631 3514 693 3580 pro
719 3493 900 3582 „desuper“
924 3494 1038 3561 utitur
1055 3493 1196 3561 Tacitus
1212 3495 1300 3560 Ann.

178 3599 231 3664 VI
245 3599 288 3665 35
314 3599 465 3686 ,iamque
481 3600 516 3665 et
528 3599 657 3665 Albani
681 3651 687 3664 .
706 3649 712 3662 .
731 3650 737 3664 .
757 3649 763 3663 .
787 3599 970 3687 ancipitem
982 3619 1132 3687 pugnam
1146 3594 1307 3667 hostibus

175 3703 305 3786 facere,
340 3725 422 3792 quos
446 3725 580 3791 super
603 3725 703 3792 eques
726 3708 763 3770 01
790 3697 1003 3793 propioribus
1025 3704 1221 3772 vulneribus
1245 3727 1307 3873 pe]

219 3891 222 3898 ¹
253 3917 296 3982 ·1)
316 3914 358 3969 of.
378 3916 461 3969 etiam
480 3917 546 3970 Aen.
561 3917 649 3970 11220
660 3931 719 3984 sqq.

248 4028 251 4033 '
374 4028 401 4076 01
419 4023 536 4092 primum
554 4023 582 4076 in
602 4025 715 4092 scopulo
734 4025 882 4080 luctantem
902 4023 1006 4078 deserit
1024 4025 1080 4078 alto

211 4107 212 4114 ’
374 4111 530 4179 Sergestum
550 4113 733 4180 brevibusque
752 4111 828 4167 vadis
849 4155 896 4167 ...
927 4171 929 4174 ,

176 4225 288 4278 Servius
307 4223 423 4280 adnotat
442 4225 478 4280 ad
497 4231 564 4281 Aen.
577 4229 591 4280 1
606 4232 670 4281 111:
699 4229 744 4298 ,in
762 4229 856 4282 brevia
875 4238 903 4283 et
922 4229 1018 4299 syrtis:
1045 4228 1074 4282 id
1093 4236 1136 4284 est
1160 4231 1188 4282 in
1208 4230 1302 4284 brevia

176 4314 304 4382 syrtium,
334 4329 388 4382 quo
407 4314 487 4370 modo
500 4316 651 4384 molemque
671 4323 699 4372 et
717 4324 831 4372 montes.
869 4319 968 4372 Brevia
987 4327 1078 4372 autem
1096 4318 1198 4374 vadosa
1218 4318 1301 4374 dicit“

177 4445 227 4458 ...
264 4404 307 4456 Ad
326 4403 478 4472 proximum
499 4420 606 4458 versum
625 4405 697 4460 idem
716 4406 836 4475 explicat
855 4405 926 4462 vada
945 4431 979 4453 =
999 4409 1102 4480 βραχέα.
1138 4482 1142 4488 μ
