<?xml version="1.0" encoding="UTF-8"?>
<!DOCTYPE html PUBLIC "-//W3C//DTD XHTML 1.0 Transitional//EN"
    "http://www.w3.org/TR/xhtml1/DTD/xhtml1-transitional.dtd">
<html xmlns="http://www.w3.org/1999/xhtml" xml:lang="en" lang="en">
 <head>
  <title>
</title>
<meta http-equiv="Content-Type" content="text/html;charset=utf-8" />
  <meta name='ocr-system' content='tesseract 3.04.00' />
  <meta name='ocr-capabilities' content='ocr_page ocr_carea ocr_par ocr_line ocrx_word'/>
</head>
<body>
  <div class='ocr_page' id='page_1' title='image "./detacitolvcanii00robbgoog_0069.png"; bbox 0 0 3138 5178; ppageno 0'>
   <div class='ocr_carea' id='block_1_1' title="bbox 749 481 965 548">
    <p class='ocr_par' dir='ltr' id='par_1_1' title="bbox 749 481 965 548">
     <span class='ocr_line' id='line_1_1' title="bbox 749 481 965 548; baseline -0.005 -19"><span class='ocrx_word' id='word_1_1' title='bbox 749 481 965 548; x_wconf 61' lang='lat'>..55-</span> 
     </span>
    </p>
   </div>
   <div class='ocr_carea' id='block_1_2' title="bbox 235 651 1422 2003">
    <p class='ocr_par' dir='ltr' id='par_1_2' title="bbox 235 651 1422 2003">
     <span class='ocr_line' id='line_1_2' title="bbox 378 651 1422 737; baseline 0.001 -18"><span class='ocrx_word' id='word_1_2' title='bbox 378 651 451 720; x_wconf 91' lang='lat' dir='ltr'>Iam</span> <span class='ocrx_word' id='word_1_3' title='bbox 484 654 584 721; x_wconf 86' lang='lat' dir='ltr'>redeo</span> <span class='ocrx_word' id='word_1_4' title='bbox 609 654 652 720; x_wconf 89' lang='lat' dir='ltr'>ad</span> <span class='ocrx_word' id='word_1_5' title='bbox 676 653 936 724; x_wconf 83' lang='lat' dir='ltr'>Taciti-verba·</span> <span class='ocrx_word' id='word_1_6' title='bbox 985 655 1104 724; x_wconf 80' lang='lat' dir='ltr'>Nonne</span> <span class='ocrx_word' id='word_1_7' title='bbox 1127 653 1422 737; x_wconf 87' lang='lat' dir='ltr'>verisimillimum,</span> 
     </span>
     <span class='ocr_line' id='line_1_3' title="bbox 293 759 1422 848; baseline -0.001 -22"><span class='ocrx_word' id='word_1_8' title='bbox 293 761 374 848; x_wconf 89' lang='lat' dir='ltr'>quin</span> <span class='ocrx_word' id='word_1_9' title='bbox 403 761 507 830; x_wconf 89' lang='lat' dir='ltr'>etiam</span> <span class='ocrx_word' id='word_1_10' title='bbox 539 762 594 826; x_wconf 83' lang='lat' dir='ltr'>est</span> <span class='ocrx_word' id='word_1_11' title='bbox 615 760 832 828; x_wconf 83' lang='lat' dir='ltr'>manifestum</span> <span class='ocrx_word' id='word_1_12' title='bbox 864 761 896 829; x_wconf 88' lang='lat' dir='ltr'>ei</span> <span class='ocrx_word' id='word_1_13' title='bbox 917 761 1047 828; x_wconf 89' lang='lat' dir='ltr'>Lucani</span> <span class='ocrx_word' id='word_1_14' title='bbox 1077 762 1184 827; x_wconf 86' lang='lat' dir='ltr'>verba</span> <span class='ocrx_word' id='word_1_15' title='bbox 1220 759 1341 847; x_wconf 85' lang='lat' dir='ltr'>„plana</span> <span class='ocrx_word' id='word_1_16' title='bbox 1372 759 1422 825; x_wconf 90' lang='lat' dir='ltr'>ia-</span> 
     </span>
     <span class='ocr_line' id='line_1_4' title="bbox 294 863 1422 952; baseline -0.001 -21"><span class='ocrx_word' id='word_1_17' title='bbox 294 865 401 933; x_wconf 81' lang='lat' dir='ltr'>centis</span> <span class='ocrx_word' id='word_1_18' title='bbox 424 864 600 952; x_wconf 83' lang='lat' dir='ltr'>Aegypti“</span> <span class='ocrx_word' id='word_1_19' title='bbox 635 887 707 932; x_wconf 82' lang='lat' dir='ltr'>esse</span> <span class='ocrx_word' id='word_1_20' title='bbox 731 867 920 948; x_wconf 86' lang='lat' dir='ltr'>observata,</span> <span class='ocrx_word' id='word_1_21' title='bbox 951 889 1026 932; x_wconf 90' lang='lat' dir='ltr'>cum</span> <span class='ocrx_word' id='word_1_22' title='bbox 1057 865 1222 932; x_wconf 80' lang='lat' dir='ltr'>scriberet</span> <span class='ocrx_word' id='word_1_23' title='bbox 1255 863 1422 947; x_wconf 82' lang='lat' dir='ltr'>„iacentia</span> 
     </span>
     <span class='ocr_line' id='line_1_5' title="bbox 292 969 1420 1059; baseline -0.002 -21"><span class='ocrx_word' id='word_1_24' title='bbox 292 979 329 1038; x_wconf 85' lang='lat' dir='ltr'>et</span> <span class='ocrx_word' id='word_1_25' title='bbox 351 971 454 1059; x_wconf 87' lang='lat' dir='ltr'>plana</span> <span class='ocrx_word' id='word_1_26' title='bbox 476 971 568 1037; x_wconf 85' lang='lat' dir='ltr'>urbis</span> <span class='ocrx_word' id='word_1_27' title='bbox 590 969 710 1038; x_wconf 82' lang='lat' dir='ltr'>loca“?</span> <span class='ocrx_word' id='word_1_28' title='bbox 757 971 880 1037; x_wconf 87' lang='lat' dir='ltr'>Utrum</span> <span class='ocrx_word' id='word_1_29' title='bbox 909 971 982 1058; x_wconf 84' lang='lat' dir='ltr'>ipae</span> <span class='ocrx_word' id='word_1_30' title='bbox 1012 971 1060 1038; x_wconf 87' lang='lat' dir='ltr'>sic</span> <span class='ocrx_word' id='word_1_31' title='bbox 1083 970 1129 1036; x_wconf 85' lang='lat' dir='ltr'>sit</span> <span class='ocrx_word' id='word_1_32' title='bbox 1158 971 1420 1056; x_wconf 84' lang='lat' dir='ltr'>interpretatus,</span> 
     </span>
     <span class='ocr_line' id='line_1_6' title="bbox 295 1073 1420 1178; baseline -0.002 -37"><span class='ocrx_word' id='word_1_33' title='bbox 295 1079 335 1142; x_wconf 88' lang='lat' dir='ltr'>ut</span> <span class='ocrx_word' id='word_1_34' title='bbox 356 1098 418 1142; x_wconf 84' lang='lat' dir='ltr'>uos</span> <span class='ocrx_word' id='word_1_35' title='bbox 441 1075 607 1159; x_wconf 86' lang='lat' dir='ltr'>volumus,</span> <span class='ocrx_word' id='word_1_36' title='bbox 631 1075 811 1178; x_wconf 75' lang='lat' dir='ltr'>Lucanum,</span> <span class='ocrx_word' id='word_1_37' title='bbox 835 1097 879 1143; x_wconf 88' lang='lat' dir='ltr'>an</span> <span class='ocrx_word' id='word_1_38' title='bbox 902 1076 943 1143; x_wconf 87' lang='lat' dir='ltr'>de</span> <span class='ocrx_word' id='word_1_39' title='bbox 965 1073 1136 1144; x_wconf 81' lang='lat' dir='ltr'>industria</span> <span class='ocrx_word' id='word_1_40' title='bbox 1158 1075 1210 1141; x_wconf 87' lang='lat' dir='ltr'>ita</span> <span class='ocrx_word' id='word_1_41' title='bbox 1233 1073 1420 1142; x_wconf 86' lang='lat' dir='ltr'>mutaverit</span> 
     </span>
     <span class='ocr_line' id='line_1_7' title="bbox 291 1169 1419 1268; baseline 0.002 -24"><span class='ocrx_word' id='word_1_42' title='bbox 291 1178 418 1262; x_wconf 86' lang='lat' dir='ltr'>locum,</span> <span class='ocrx_word' id='word_1_43' title='bbox 451 1183 491 1246; x_wconf 89' lang='lat' dir='ltr'>ut</span> <span class='ocrx_word' id='word_1_44' title='bbox 515 1199 646 1247; x_wconf 84' lang='lat' dir='ltr'>sensum</span> <span class='ocrx_word' id='word_1_45' title='bbox 671 1181 863 1268; x_wconf 66' lang='lat' dir='ltr'>„depressil</span> <span class='ocrx_word' id='word_1_46' title='bbox 877 1169 1037 1249; x_wconf 51' lang='lat' dir='ltr'>¹inferret</span> <span class='ocrx_word' id='word_1_47' title='bbox 1058 1181 1094 1247; x_wconf 92' lang='lat' dir='ltr'>iu</span> <span class='ocrx_word' id='word_1_48' title='bbox 1117 1182 1255 1247; x_wconf 89' lang='lat' dir='ltr'>verbum</span> <span class='ocrx_word' id='word_1_49' title='bbox 1277 1179 1419 1262; x_wconf 88' lang='lat' dir='ltr'>iacendi,</span> 
     </span>
     <span class='ocr_line' id='line_1_8' title="bbox 292 1283 1420 1368; baseline 0.002 -18"><span class='ocrx_word' id='word_1_50' title='bbox 292 1284 328 1350; x_wconf 87' lang='lat' dir='ltr'>id</span> <span class='ocrx_word' id='word_1_51' title='bbox 349 1283 535 1351; x_wconf 87' lang='lat' dir='ltr'>diiudicare</span> <span class='ocrx_word' id='word_1_52' title='bbox 556 1307 626 1352; x_wconf 90' lang='lat' dir='ltr'>nou</span> <span class='ocrx_word' id='word_1_53' title='bbox 648 1285 770 1368; x_wconf 85' lang='lat' dir='ltr'><strong>audeo,</strong></span> <span class='ocrx_word' id='word_1_54' title='bbox 801 1308 874 1352; x_wconf 90' lang='lat' dir='ltr'>cum</span> <span class='ocrx_word' id='word_1_55' title='bbox 898 1285 964 1350; x_wconf 90' lang='lat' dir='ltr'>iam</span> <span class='ocrx_word' id='word_1_56' title='bbox 987 1285 1083 1352; x_wconf 82' lang='lat' dir='ltr'>nobie</span> <span class='ocrx_word' id='word_1_57' title='bbox 1107 1287 1241 1352; x_wconf 85' lang='lat' dir='ltr'>constet</span> <span class='ocrx_word' id='word_1_58' title='bbox 1265 1285 1420 1352; x_wconf 82' lang='lat' dir='ltr'>Tacitum</span> 
     </span>
     <span class='ocr_line' id='line_1_9' title="bbox 290 1388 1421 1478; baseline 0.001 -23"><span class='ocrx_word' id='word_1_59' title='bbox 290 1388 382 1456; x_wconf 88' lang='lat' dir='ltr'>hand</span> <span class='ocrx_word' id='word_1_60' title='bbox 404 1411 483 1456; x_wconf 90' lang='lat' dir='ltr'>raro</span> <span class='ocrx_word' id='word_1_61' title='bbox 513 1394 647 1457; x_wconf 84' lang='lat' dir='ltr'>mutare</span> <span class='ocrx_word' id='word_1_62' title='bbox 678 1393 860 1478; x_wconf 83' lang='lat' dir='ltr'>verborum</span> <span class='ocrx_word' id='word_1_63' title='bbox 891 1390 1041 1458; x_wconf 82' lang='lat' dir='ltr'>auctoris</span> <span class='ocrx_word' id='word_1_64' title='bbox 1074 1391 1126 1458; x_wconf 88' lang='lat' dir='ltr'>sui</span> <span class='ocrx_word' id='word_1_65' title='bbox 1157 1413 1298 1458; x_wconf 85' lang='lat' dir='ltr'>sensum.</span> <span class='ocrx_word' id='word_1_66' title='bbox 1352 1389 1421 1456; x_wconf 85' lang='lat' dir='ltr'>Illa</span> 
     </span>
     <span class='ocr_line' id='line_1_10' title="bbox 235 1494 1419 1586; baseline 0.002 -26"><span class='ocrx_word' id='word_1_67' title='bbox 235 1538 237 1550; x_wconf 83' lang='lat'>.</span> <span class='ocrx_word' id='word_1_68' title='bbox 292 1516 373 1561; x_wconf 89' lang='lat' dir='ltr'>vero</span> <span class='ocrx_word' id='word_1_69' title='bbox 396 1496 501 1562; x_wconf 84' lang='lat' dir='ltr'>verba</span> <span class='ocrx_word' id='word_1_70' title='bbox 520 1494 659 1583; x_wconf 81' lang='lat' dir='ltr'>„plana“</span> <span class='ocrx_word' id='word_1_71' title='bbox 684 1498 722 1563; x_wconf 88' lang='lat' dir='ltr'>et</span> <span class='ocrx_word' id='word_1_72' title='bbox 747 1499 948 1583; x_wconf 77' lang='lat' dir='ltr'>„stagnare“</span> <span class='ocrx_word' id='word_1_73' title='bbox 974 1494 1098 1563; x_wconf 88' lang='lat' dir='ltr'>iterum</span> <span class='ocrx_word' id='word_1_74' title='bbox 1114 1495 1257 1586; x_wconf 80' lang='lat' dir='ltr'>sumpsit</span> <span class='ocrx_word' id='word_1_75' title='bbox 1269 1494 1419 1579; x_wconf 80' lang='lat' dir='ltr'>Tacitus,</span> 
     </span>
     <span class='ocr_line' id='line_1_11' title="bbox 289 1599 1419 1682; baseline -0.001 -15"><span class='ocrx_word' id='word_1_76' title='bbox 289 1608 331 1667; x_wconf 83' lang='lat' dir='ltr'>ut</span> <span class='ocrx_word' id='word_1_77' title='bbox 353 1599 451 1666; x_wconf 91' lang='lat' dir='ltr'>modo</span> <span class='ocrx_word' id='word_1_78' title='bbox 474 1599 629 1682; x_wconf 82' lang='lat' dir='ltr'>diximus,</span> <span class='ocrx_word' id='word_1_79' title='bbox 661 1602 751 1666; x_wconf 85' lang='lat' dir='ltr'>Ann.</span> <span class='ocrx_word' id='word_1_80' title='bbox 776 1601 862 1666; x_wconf 80' lang='lat'>176.</span> <span class='ocrx_word' id='word_1_81' title='bbox 909 1599 1007 1682; x_wconf 77' lang='lat' dir='ltr'>Quod</span> <span class='ocrx_word' id='word_1_82' title='bbox 1030 1600 1173 1668; x_wconf 85' lang='lat' dir='ltr'>sirecte</span> <span class='ocrx_word' id='word_1_83' title='bbox 1197 1599 1238 1666; x_wconf 90' lang='lat' dir='ltr'>de</span> <span class='ocrx_word' id='word_1_84' title='bbox 1260 1599 1419 1666; x_wconf 90' lang='lat' dir='ltr'>hocloco</span> 
     </span>
     <span class='ocr_line' id='line_1_12' title="bbox 289 1703 1419 1795; baseline 0.001 -25"><span class='ocrx_word' id='word_1_85' title='bbox 289 1703 527 1785; x_wconf 85' lang='lat' dir='ltr'>iudicavimus,</span> <span class='ocrx_word' id='word_1_86' title='bbox 559 1726 633 1772; x_wconf 91' lang='lat' dir='ltr'>eum</span> <span class='ocrx_word' id='word_1_87' title='bbox 663 1706 845 1786; x_wconf 79' lang='lat' dir='ltr'>incorum</span> <span class='ocrx_word' id='word_1_88' title='bbox 874 1728 1012 1772; x_wconf 87' lang='lat' dir='ltr'>numero</span> <span class='ocrx_word' id='word_1_89' title='bbox 1046 1727 1120 1772; x_wconf 85' lang='lat' dir='ltr'>esse</span> <span class='ocrx_word' id='word_1_90' title='bbox 1149 1703 1337 1787; x_wconf 84' lang='lat' dir='ltr'>habendum</span> <span class='ocrx_word' id='word_1_91' title='bbox 1359 1727 1419 1795; x_wconf 93' lang='lat' dir='ltr'>po·</span> 
     </span>
     <span class='ocr_line' id='line_1_13' title="bbox 290 1794 1420 1897; baseline 0 -21"><span class='ocrx_word' id='word_1_92' title='bbox 290 1815 415 1876; x_wconf 84' lang='lat' dir='ltr'>stremo</span> <span class='ocrx_word' id='word_1_93' title='bbox 428 1831 656 1889; x_wconf 87' lang='lat' dir='ltr'>commemoro,</span> <span class='ocrx_word' id='word_1_94' title='bbox 674 1809 731 1875; x_wconf 88' lang='lat' dir='ltr'>ubi</span> <span class='ocrx_word' id='word_1_95' title='bbox 740 1810 879 1877; x_wconf 81' lang='lat' dir='ltr'>Tacitus</span> <span class='ocrx_word' id='word_1_96' title='bbox 893 1831 911 1876; x_wconf 92' lang='lat' dir='ltr'>e</span> <span class='ocrx_word' id='word_1_97' title='bbox 923 1809 989 1877; x_wconf 90' lang='lat' dir='ltr'>fine</span> <span class='ocrx_word' id='word_1_98' title='bbox 1000 1831 1118 1878; x_wconf 85' lang='lat' dir='ltr'>versus</span> <span class='ocrx_word' id='word_1_99' title='bbox 1135 1809 1259 1875; x_wconf 77' lang='lat' dir='ltr'>heroici</span> <span class='ocrx_word' id='word_1_100' title='bbox 1274 1794 1420 1897; x_wconf 69' lang='lat' dir='ltr'>⁸repetiit</span> 
     </span>
     <span class='ocr_line' id='line_1_14' title="bbox 290 1914 1418 2003; baseline -0.002 -21"><span class='ocrx_word' id='word_1_101' title='bbox 290 1917 412 1993; x_wconf 84' lang='lat' dir='ltr'>verba,</span> <span class='ocrx_word' id='word_1_102' title='bbox 447 1936 532 2001; x_wconf 91' lang='lat' dir='ltr'>quae</span> <span class='ocrx_word' id='word_1_103' title='bbox 563 1914 626 1981; x_wconf 89' lang='lat' dir='ltr'>hac</span> <span class='ocrx_word' id='word_1_104' title='bbox 648 1915 724 2003; x_wconf 88' lang='lat' dir='ltr'>ipsa</span> <span class='ocrx_word' id='word_1_105' title='bbox 747 1915 968 2000; x_wconf 76' lang='lat' dir='ltr'>collocatione</span> <span class='ocrx_word' id='word_1_106' title='bbox 990 1916 1171 1982; x_wconf 88' lang='lat' dir='ltr'>memoriae</span> <span class='ocrx_word' id='word_1_107' title='bbox 1194 1915 1337 1982; x_wconf 87' lang='lat' dir='ltr'>maxime</span> <span class='ocrx_word' id='word_1_108' title='bbox 1358 1916 1418 1981; x_wconf 92' lang='lat' dir='ltr'>im-</span> 
     </span>
    </p>
   </div>
   <div class='ocr_carea' id='block_1_3' title="bbox 158 2021 493 2111">
    <p class='ocr_par' dir='ltr' id='par_1_3' title="bbox 158 2021 493 2111">
     <span class='ocr_line' id='line_1_15' title="bbox 158 2021 493 2111; baseline -0.009 -24"><span class='ocrx_word' id='word_1_109' title='bbox 158 2103 159 2111; x_wconf 13' lang='lat'><em>*</em></span> <span class='ocrx_word' id='word_1_110' title='bbox 290 2021 493 2108; x_wconf 89' lang='lat' dir='ltr'>primuutur.</span> 
     </span>
    </p>
   </div>
   <div class='ocr_carea' id='block_1_4' title="bbox 289 2124 1418 2436">
    <p class='ocr_par' dir='ltr' id='par_1_4' title="bbox 289 2124 1418 2436">
     <span class='ocr_line' id='line_1_16' title="bbox 377 2124 1418 2225; baseline 0.003 -36"><span class='ocrx_word' id='word_1_111' title='bbox 377 2124 496 2210; x_wconf 87' lang='lat' dir='ltr'>Longa</span> <span class='ocrx_word' id='word_1_112' title='bbox 518 2146 614 2191; x_wconf 90' lang='lat' dir='ltr'>mora</span> <span class='ocrx_word' id='word_1_113' title='bbox 648 2128 684 2192; x_wconf 88' lang='lat' dir='ltr'>ot</span> <span class='ocrx_word' id='word_1_114' title='bbox 716 2126 932 2193; x_wconf 87' lang='lat' dir='ltr'>cunctatione</span> <span class='ocrx_word' id='word_1_115' title='bbox 953 2125 1160 2211; x_wconf 85' lang='lat' dir='ltr'>interposita</span> <span class='ocrx_word' id='word_1_116' title='bbox 1182 2146 1256 2192; x_wconf 90' lang='lat' dir='ltr'>cum</span> <span class='ocrx_word' id='word_1_117' title='bbox 1278 2124 1418 2225; x_wconf 87' lang='lat' dir='ltr'>tandem</span> 
     </span>
     <span class='ocr_line' id='line_1_17' title="bbox 289 2229 1417 2318; baseline 0 -21"><span class='ocrx_word' id='word_1_118' title='bbox 289 2229 471 2317; x_wconf 87' lang='lat' dir='ltr'>aliquando</span> <span class='ocrx_word' id='word_1_119' title='bbox 494 2229 629 2296; x_wconf 77' lang='lat' dir='ltr'>dederit</span> <span class='ocrx_word' id='word_1_120' title='bbox 653 2230 785 2315; x_wconf 85' lang='lat' dir='ltr'>signum</span> <span class='ocrx_word' id='word_1_121' title='bbox 809 2229 936 2316; x_wconf 90' lang='lat' dir='ltr'>proelio</span> <span class='ocrx_word' id='word_1_122' title='bbox 962 2229 1202 2298; x_wconf 90' lang='lat' dir='ltr'>committendo</span> <span class='ocrx_word' id='word_1_123' title='bbox 1226 2230 1417 2318; x_wconf 76' lang='lat' dir='ltr'>Pompeiae,</span> 
     </span>
     <span class='ocr_line' id='line_1_18' title="bbox 290 2333 1418 2436; baseline -0.002 -34"><span class='ocrx_word' id='word_1_124' title='bbox 290 2335 401 2402; x_wconf 89' lang='lat' dir='ltr'>omnia</span> <span class='ocrx_word' id='word_1_125' title='bbox 424 2333 543 2402; x_wconf 85' lang='lat' dir='ltr'>statim</span> <span class='ocrx_word' id='word_1_126' title='bbox 566 2333 618 2436; x_wconf 87' lang='lat' dir='ltr'>ad</span> <span class='ocrx_word' id='word_1_127' title='bbox 647 2356 794 2422; x_wconf 86' lang='lat' dir='ltr'>pugnam</span> <span class='ocrx_word' id='word_1_128' title='bbox 817 2334 1030 2400; x_wconf 78' lang='lat' dir='ltr'>Pharsaliam</span> <span class='ocrx_word' id='word_1_129' title='bbox 1062 2334 1247 2422; x_wconf 83' lang='lat' dir='ltr'>expediunt</span> <span class='ocrx_word' id='word_1_130' title='bbox 1267 2335 1418 2403; x_wconf 84' lang='lat' dir='ltr'>milites:</span> 
     </span>
    </p>
   </div>
   <div class='ocr_carea' id='block_1_5' title="bbox 291 2439 554 2527">
    <p class='ocr_par' dir='ltr' id='par_1_5' title="bbox 291 2439 554 2527">
     <span class='ocr_line' id='line_1_19' title="bbox 291 2439 554 2527; baseline -0.004 -21"><span class='ocrx_word' id='word_1_131' title='bbox 291 2439 376 2525; x_wconf 85' lang='lat' dir='ltr'>(VII</span> <span class='ocrx_word' id='word_1_132' title='bbox 393 2441 455 2505; x_wconf 83' lang='lat'>139</span> <span class='ocrx_word' id='word_1_133' title='bbox 469 2439 554 2527; x_wconf 85' lang='lat' dir='ltr'>sqq.)</span> 
     </span>
    </p>
   </div>
   <div class='ocr_carea' id='block_1_6' title="bbox 256 2598 1360 2896">
    <p class='ocr_par' dir='ltr' id='par_1_6' title="bbox 256 2598 1360 2896">
     <span class='ocr_line' id='line_1_20' title="bbox 356 2598 1360 2690; baseline 0.002 -26"><span class='ocrx_word' id='word_1_134' title='bbox 356 2621 417 2664; x_wconf 91' lang='lat' dir='ltr'>nec</span> <span class='ocrx_word' id='word_1_135' title='bbox 440 2599 564 2682; x_wconf 84' lang='lat' dir='ltr'>gladiis</span> <span class='ocrx_word' id='word_1_136' title='bbox 588 2599 735 2665; x_wconf 86' lang='lat' dir='ltr'>habuere</span> <span class='ocrx_word' id='word_1_137' title='bbox 758 2599 867 2679; x_wconf 86' lang='lat' dir='ltr'>fidem,</span> <span class='ocrx_word' id='word_1_138' title='bbox 890 2598 984 2664; x_wconf 87' lang='lat' dir='ltr'>nisi</span> <span class='ocrx_word' id='word_1_139' title='bbox 1006 2599 1207 2666; x_wconf 81' lang='lat' dir='ltr'>cautibus</span> <span class='ocrx_word' id='word_1_140' title='bbox 1231 2621 1360 2690; x_wconf 85' lang='lat' dir='ltr'>asper</span> 
     </span>
     <span class='ocr_line' id='line_1_21' title="bbox 256 2703 1323 2796; baseline 0.003 -28"><span class='ocrx_word' id='word_1_141' title='bbox 256 2741 258 2746; x_wconf 83' lang='lat'><em>.</em></span> <span class='ocrx_word' id='word_1_142' title='bbox 357 2703 530 2770; x_wconf 82' lang='lat' dir='ltr'>exarsit</span> <span class='ocrx_word' id='word_1_143' title='bbox 552 2725 718 2787; x_wconf 86' lang='lat' dir='ltr'>mucro;</span> <span class='ocrx_word' id='word_1_144' title='bbox 743 2707 825 2769; x_wconf 88' lang='lat' dir='ltr'>tune</span> <span class='ocrx_word' id='word_1_145' title='bbox 849 2703 954 2770; x_wconf 85' lang='lat' dir='ltr'>omnis</span> <span class='ocrx_word' id='word_1_146' title='bbox 977 2704 1094 2771; x_wconf 90' lang='lat' dir='ltr'>lancea</span> <span class='ocrx_word' id='word_1_147' title='bbox 1118 2727 1198 2770; x_wconf 84' lang='lat' dir='ltr'>saxo</span> <span class='ocrx_word' id='word_1_148' title='bbox 1321 2791 1323 2796; x_wconf 68' lang='lat'>,</span> 
     </span>
     <span class='ocr_line' id='line_1_22' title="bbox 357 2809 514 2896; baseline -0.013 -20"><span class='ocrx_word' id='word_1_149' title='bbox 357 2809 514 2896; x_wconf 86' lang='lat' dir='ltr'>erigitur.</span> 
     </span>
    </p>
   </div>
   <div class='ocr_carea' id='block_1_7' title="bbox 286 2959 1420 4420">
    <p class='ocr_par' dir='ltr' id='par_1_7' title="bbox 286 2959 1420 4420">
     <span class='ocr_line' id='line_1_23' title="bbox 290 2959 1418 3040; baseline -0.001 -6"><span class='ocrx_word' id='word_1_150' title='bbox 290 2967 374 3036; x_wconf 85' lang='lat' dir='ltr'>Cum</span> <span class='ocrx_word' id='word_1_151' title='bbox 389 2959 457 3040; x_wconf 58' lang='lat' dir='ltr'>[his</span> <span class='ocrx_word' id='word_1_152' title='bbox 488 2969 641 3035; x_wconf 84' lang='lat' dir='ltr'>versibus</span> <span class='ocrx_word' id='word_1_153' title='bbox 665 2991 778 3036; x_wconf 83' lang='lat' dir='ltr'>omnes</span> <span class='ocrx_word' id='word_1_154' title='bbox 802 2969 875 3035; x_wconf 86' lang='lat' dir='ltr'>fere</span> <span class='ocrx_word' id='word_1_155' title='bbox 899 2969 1028 3035; x_wconf 86' lang='lat' dir='ltr'>Lucani</span> <span class='ocrx_word' id='word_1_156' title='bbox 1058 2974 1095 3036; x_wconf 91' lang='lat' dir='ltr'>et</span> <span class='ocrx_word' id='word_1_157' title='bbox 1118 2969 1230 3036; x_wconf 80' lang='lat' dir='ltr'>Taciti</span> <span class='ocrx_word' id='word_1_158' title='bbox 1253 2989 1418 3035; x_wconf 88' lang='lat' dir='ltr'>commen-</span> 
     </span>
     <span class='ocr_line' id='line_1_24' title="bbox 288 3073 1419 3157; baseline -0.002 -17"><span class='ocrx_word' id='word_1_159' title='bbox 288 3076 422 3140; x_wconf 85' lang='lat' dir='ltr'>tatores</span> <span class='ocrx_word' id='word_1_160' title='bbox 455 3073 673 3140; x_wconf 89' lang='lat' dir='ltr'>contulerunt</span> <span class='ocrx_word' id='word_1_161' title='bbox 704 3073 816 3140; x_wconf 80' lang='lat' dir='ltr'>Taciti</span> <span class='ocrx_word' id='word_1_162' title='bbox 844 3073 934 3139; x_wconf 83' lang='lat' dir='ltr'>Arm.</span> <span class='ocrx_word' id='word_1_163' title='bbox 958 3073 1026 3140; x_wconf 89' lang='lat' dir='ltr'>XV</span> <span class='ocrx_word' id='word_1_164' title='bbox 1049 3075 1108 3157; x_wconf 84' lang='lat'>54,</span> <span class='ocrx_word' id='word_1_165' title='bbox 1147 3074 1205 3140; x_wconf 92' lang='lat' dir='ltr'>ubi</span> <span class='ocrx_word' id='word_1_166' title='bbox 1236 3076 1419 3140; x_wconf 86' lang='lat' dir='ltr'>enarratur</span> 
     </span>
     <span class='ocr_line' id='line_1_25' title="bbox 288 3178 1417 3270; baseline 0.001 -26"><span class='ocrx_word' id='word_1_167' title='bbox 288 3178 420 3245; x_wconf 89' lang='lat' dir='ltr'>Pisonis</span> <span class='ocrx_word' id='word_1_168' title='bbox 444 3179 645 3270; x_wconf 77' lang='lat' dir='ltr'>coniuratio.</span> <span class='ocrx_word' id='word_1_169' title='bbox 692 3178 888 3259; x_wconf 59' lang='lat' dir='ltr'>Scamnum</span> <span class='ocrx_word' id='word_1_170' title='bbox 918 3179 977 3267; x_wconf 87' lang='lat' dir='ltr'>qui</span> <span class='ocrx_word' id='word_1_171' title='bbox 999 3189 1075 3245; x_wconf 85' lang='lat' dir='ltr'>erat</span> <span class='ocrx_word' id='word_1_172' title='bbox 1097 3179 1189 3245; x_wconf 88' lang='lat' dir='ltr'>inter</span> <span class='ocrx_word' id='word_1_173' title='bbox 1213 3179 1417 3261; x_wconf 85' lang='lat' dir='ltr'>coniuratos,</span> 
     </span>
     <span class='ocr_line' id='line_1_26' title="bbox 291 3281 1417 3370; baseline 0 -20"><span class='ocrx_word' id='word_1_174' title='bbox 291 3284 488 3370; x_wconf 80' lang='lat' dir='ltr'>„pugionem</span> <span class='ocrx_word' id='word_1_175' title='bbox 522 3283 649 3370; x_wconf 88' lang='lat' dir='ltr'>templo</span> <span class='ocrx_word' id='word_1_176' title='bbox 683 3283 814 3350; x_wconf 87' lang='lat' dir='ltr'>Salutis</span> <span class='ocrx_word' id='word_1_177' title='bbox 845 3284 917 3350; x_wconf 84' lang='lat' dir='ltr'>aive</span> <span class='ocrx_word' id='word_1_178' title='bbox 940 3333 947 3348; x_wconf 93' lang='lat'><strong>.</strong></span> <span class='ocrx_word' id='word_1_179' title='bbox 967 3335 998 3349; x_wconf 91' lang='lat'>..</span> <span class='ocrx_word' id='word_1_180' title='bbox 1023 3283 1198 3350; x_wconf 78' lang='lat' dir='ltr'>Fortunae</span> <span class='ocrx_word' id='word_1_181' title='bbox 1231 3281 1417 3350; x_wconf 75' lang='lat' dir='ltr'>Ferentino</span> 
     </span>
     <span class='ocr_line' id='line_1_27' title="bbox 288 3387 1420 3476; baseline -0.001 -22"><span class='ocrx_word' id='word_1_182' title='bbox 288 3389 322 3454; x_wconf 89' lang='lat' dir='ltr'>iu</span> <span class='ocrx_word' id='word_1_183' title='bbox 358 3388 480 3476; x_wconf 90' lang='lat' dir='ltr'>oppido</span> <span class='ocrx_word' id='word_1_184' title='bbox 519 3387 718 3454; x_wconf 74' lang='lat' dir='ltr'>detraxerat</span> <span class='ocrx_word' id='word_1_185' title='bbox 756 3391 983 3475; x_wconf 84' lang='lat' dir='ltr'>gestabatque</span> <span class='ocrx_word' id='word_1_186' title='bbox 1022 3387 1118 3454; x_wconf 89' lang='lat' dir='ltr'>velut</span> <span class='ocrx_word' id='word_1_187' title='bbox 1160 3410 1281 3474; x_wconf 88' lang='lat' dir='ltr'>magno</span> <span class='ocrx_word' id='word_1_188' title='bbox 1322 3388 1420 3476; x_wconf 90' lang='lat' dir='ltr'>operi</span> 
     </span>
     <span class='ocr_line' id='line_1_28' title="bbox 289 3476 1418 3581; baseline -0.001 -21"><span class='ocrx_word' id='word_1_189' title='bbox 289 3494 452 3560; x_wconf 86' lang='lat' dir='ltr'>sacrum“.</span> <span class='ocrx_word' id='word_1_190' title='bbox 509 3476 594 3557; x_wconf 83' lang='lat' dir='ltr'>Tum</span> <span class='ocrx_word' id='word_1_191' title='bbox 628 3492 746 3579; x_wconf 87' lang='lat' dir='ltr'>pergit</span> <span class='ocrx_word' id='word_1_192' title='bbox 779 3493 957 3559; x_wconf 83' lang='lat' dir='ltr'>narrando·</span> <span class='ocrx_word' id='word_1_193' title='bbox 981 3497 1101 3560; x_wconf 86' lang='lat' dir='ltr'>auctor</span> <span class='ocrx_word' id='word_1_194' title='bbox 1134 3515 1206 3581; x_wconf 90' lang='lat' dir='ltr'>cap.</span> <span class='ocrx_word' id='word_1_195' title='bbox 1230 3495 1290 3559; x_wconf 75' lang='lat'>54:</span> <span class='ocrx_word' id='word_1_196' title='bbox 1332 3493 1418 3575; x_wconf 82' lang='lat' dir='ltr'>„Re-</span> 
     </span>
     <span class='ocr_line' id='line_1_29' title="bbox 287 3597 1416 3689; baseline 0.002 -26"><span class='ocrx_word' id='word_1_197' title='bbox 287 3620 424 3689; x_wconf 74' lang='lat' dir='ltr'>grcssue</span> <span class='ocrx_word' id='word_1_198' title='bbox 457 3597 589 3664; x_wconf 90' lang='lat' dir='ltr'>domum</span> <span class='ocrx_word' id='word_1_199' title='bbox 621 3600 868 3663; x_wconf 86' lang='lat' dir='ltr'>testamentum</span> <span class='ocrx_word' id='word_1_200' title='bbox 899 3598 1108 3684; x_wconf 79' lang='lat' dir='ltr'>obsignavit,</span> <span class='ocrx_word' id='word_1_201' title='bbox 1140 3601 1334 3687; x_wconf 90' lang='lat' dir='ltr'>promptum</span> <span class='ocrx_word' id='word_1_202' title='bbox 1357 3620 1416 3665; x_wconf 87' lang='lat' dir='ltr'>va·</span> 
     </span>
     <span class='ocr_line' id='line_1_30' title="bbox 287 3703 1417 3791; baseline 0.003 -25"><span class='ocrx_word' id='word_1_203' title='bbox 287 3704 369 3791; x_wconf 87' lang='lat' dir='ltr'>gina</span> <span class='ocrx_word' id='word_1_204' title='bbox 396 3703 575 3790; x_wconf 88' lang='lat' dir='ltr'>pugionem</span> <span class='ocrx_word' id='word_1_205' title='bbox 682 3705 858 3768; x_wconf 85' lang='lat' dir='ltr'>vetustate</span> <span class='ocrx_word' id='word_1_206' title='bbox 892 3704 1047 3769; x_wconf 87' lang='lat' dir='ltr'>obtusum</span> <span class='ocrx_word' id='word_1_207' title='bbox 1070 3703 1263 3790; x_wconf 82' lang='lat' dir='ltr'>increpans,</span> <span class='ocrx_word' id='word_1_208' title='bbox 1298 3724 1417 3788; x_wconf 88' lang='lat' dir='ltr'>aspe-</span> 
     </span>
     <span class='ocr_line' id='line_1_31' title="bbox 287 3807 1416 3889; baseline -0.003 -14"><span class='ocrx_word' id='word_1_209' title='bbox 287 3808 380 3875; x_wconf 87' lang='lat' dir='ltr'>rari</span> <span class='ocrx_word' id='word_1_210' title='bbox 403 3829 504 3873; x_wconf 85' lang='lat' dir='ltr'>saxo</span> <span class='ocrx_word' id='word_1_211' title='bbox 528 3810 571 3873; x_wconf 84' lang='lat' dir='ltr'>et</span> <span class='ocrx_word' id='word_1_212' title='bbox 594 3807 639 3878; x_wconf 82' lang='lat' dir='ltr'>iu</span> <span class='ocrx_word' id='word_1_213' title='bbox 661 3829 901 3873; x_wconf 87' lang='lat' dir='ltr'>mucronem</span> <span class='ocrx_word' id='word_1_214' title='bbox 919 3808 1158 3875; x_wconf 78' lang='lat' dir='ltr'>&#39;ardescere</span> <span class='ocrx_word' id='word_1_215' title='bbox 1179 3807 1320 3889; x_wconf 84' lang='lat' dir='ltr'>iussit“‚</span> <span class='ocrx_word' id='word_1_216' title='bbox 1353 3808 1416 3874; x_wconf 83' lang='lat' dir='ltr'>aci-</span> 
     </span>
     <span class='ocr_line' id='line_1_32' title="bbox 286 3911 1414 4000; baseline -0.002 -20"><span class='ocrx_word' id='word_1_217' title='bbox 286 3914 384 3994; x_wconf 86' lang='lat' dir='ltr'>licet,</span> <span class='ocrx_word' id='word_1_218' title='bbox 423 3915 462 3979; x_wconf 89' lang='lat' dir='ltr'>ut</span> <span class='ocrx_word' id='word_1_219' title='bbox 494 3913 600 3980; x_wconf 85' lang='lat' dir='ltr'>scelus</span> <span class='ocrx_word' id='word_1_220' title='bbox 635 3911 700 3977; x_wconf 73' lang='lat' dir='ltr'>cibi</span> <span class='ocrx_word' id='word_1_221' title='bbox 732 3913 944 4000; x_wconf 82' lang='lat' dir='ltr'>propositum</span> <span class='ocrx_word' id='word_1_222' title='bbox 976 3916 1135 4000; x_wconf 90' lang='lat' dir='ltr'>patraret</span> <span class='ocrx_word' id='word_1_223' title='bbox 1162 3912 1226 3980; x_wconf 91' lang='lat' dir='ltr'>hoo</span> <span class='ocrx_word' id='word_1_224' title='bbox 1257 3913 1414 4000; x_wconf 83' lang='lat' dir='ltr'>pugione.</span> 
     </span>
     <span class='ocr_line' id='line_1_33' title="bbox 287 4005 1414 4105; baseline -0.003 -19"><span class='ocrx_word' id='word_1_225' title='bbox 287 4005 506 4086; x_wconf 85' lang='lat' dir='ltr'>Manifestum</span> <span class='ocrx_word' id='word_1_226' title='bbox 529 4017 682 4105; x_wconf 83' lang='lat' dir='ltr'>profecto</span> <span class='ocrx_word' id='word_1_227' title='bbox 707 4019 761 4084; x_wconf 86' lang='lat' dir='ltr'>est</span> <span class='ocrx_word' id='word_1_228' title='bbox 782 4017 935 4083; x_wconf 81' lang='lat' dir='ltr'>Tacitum</span> <span class='ocrx_word' id='word_1_229' title='bbox 960 4021 1110 4084; x_wconf 86' lang='lat' dir='ltr'>secutum</span> <span class='ocrx_word' id='word_1_230' title='bbox 1134 4039 1208 4086; x_wconf 85' lang='lat' dir='ltr'>esse</span> <span class='ocrx_word' id='word_1_231' title='bbox 1231 4017 1414 4104; x_wconf 84' lang='lat' dir='ltr'>Lucanum.</span> 
     </span>
     <span class='ocr_line' id='line_1_34' title="bbox 287 4121 1415 4210; baseline -0.003 -20"><span class='ocrx_word' id='word_1_232' title='bbox 287 4122 416 4190; x_wconf 88' lang='lat' dir='ltr'>Lucani</span> <span class='ocrx_word' id='word_1_233' title='bbox 439 4122 553 4189; x_wconf 83' lang='lat' dir='ltr'>verbis</span> <span class='ocrx_word' id='word_1_234' title='bbox 580 4122 753 4206; x_wconf 85' lang='lat' dir='ltr'>„cautibus</span> <span class='ocrx_word' id='word_1_235' title='bbox 778 4124 896 4210; x_wconf 85' lang='lat' dir='ltr'>asper“</span> <span class='ocrx_word' id='word_1_236' title='bbox 922 4145 1074 4189; x_wconf 87' lang='lat' dir='ltr'>sermone</span> <span class='ocrx_word' id='word_1_237' title='bbox 1093 4145 1173 4189; x_wconf 87' lang='lat' dir='ltr'>vere</span> <span class='ocrx_word' id='word_1_238' title='bbox 1188 4121 1322 4210; x_wconf 90' lang='lat' dir='ltr'>poetico</span> <span class='ocrx_word' id='word_1_239' title='bbox 1337 4143 1415 4208; x_wconf 90' lang='lat' dir='ltr'>pro·</span> 
     </span>
     <span class='ocr_line' id='line_1_35' title="bbox 287 4227 1413 4316; baseline 0 -22"><span class='ocrx_word' id='word_1_240' title='bbox 287 4228 369 4295; x_wconf 81' lang='lat' dir='ltr'>latis</span> <span class='ocrx_word' id='word_1_241' title='bbox 405 4228 539 4315; x_wconf 87' lang='lat' dir='ltr'>optime-</span> <span class='ocrx_word' id='word_1_242' title='bbox 563 4227 745 4314; x_wconf 87' lang='lat' dir='ltr'>respondet</span> <span class='ocrx_word' id='word_1_243' title='bbox 768 4227 880 4294; x_wconf 80' lang='lat' dir='ltr'>Taciti</span> <span class='ocrx_word' id='word_1_244' title='bbox 905 4228 1076 4316; x_wconf 84' lang='lat' dir='ltr'>„asperari</span> <span class='ocrx_word' id='word_1_245' title='bbox 1100 4232 1220 4312; x_wconf 83' lang='lat' dir='ltr'>saxo“,</span> <span class='ocrx_word' id='word_1_246' title='bbox 1253 4227 1313 4294; x_wconf 90' lang='lat' dir='ltr'>ubi</span> <span class='ocrx_word' id='word_1_247' title='bbox 1342 4227 1413 4294; x_wconf 82' lang='lat' dir='ltr'>for-</span> 
     </span>
     <span class='ocr_line' id='line_1_36' title="bbox 287 4331 1416 4420; baseline -0.002 -20"><span class='ocrx_word' id='word_1_248' title='bbox 287 4336 381 4400; x_wconf 84' lang='lat' dir='ltr'>tasse</span> <span class='ocrx_word' id='word_1_249' title='bbox 411 4332 499 4400; x_wconf 87' lang='lat' dir='ltr'>illud</span> <span class='ocrx_word' id='word_1_250' title='bbox 530 4353 647 4398; x_wconf 84' lang='lat' dir='ltr'>saxu-m</span> <span class='ocrx_word' id='word_1_251' title='bbox 679 4353 721 4397; x_wconf 85' lang='lat' dir='ltr'>ex</span> <span class='ocrx_word' id='word_1_252' title='bbox 752 4331 866 4403; x_wconf 85' lang='lat' dir='ltr'>altera</span> <span class='ocrx_word' id='word_1_253' title='bbox 897 4333 1087 4404; x_wconf 80' lang='lat' dir='ltr'>sententiae</span> <span class='ocrx_word' id='word_1_254' title='bbox 1109 4335 1210 4420; x_wconf 91' lang='lat' dir='ltr'>parte</span> <span class='ocrx_word' id='word_1_255' title='bbox 1233 4331 1416 4418; x_wconf 86' lang='lat' dir='ltr'>adoptavit</span> 
     </span>
    </p>
   </div>
   <div class='ocr_carea' id='block_1_8' title="bbox 0 0 1574 5178">
    <p class='ocr_par' dir='ltr' id='par_1_8' title="bbox 0 0 1574 5178">
     <span class='ocr_line' id='line_1_37' title="bbox 0 0 1574 5178; baseline 0 1"><span class='ocrx_word' id='word_1_256' title='bbox 0 0 1574 5178; x_wconf 95' lang='lat' dir='ltr'> </span> 
     </span>
    </p>
   </div>
  </div>
 </body>
</html>
