3138 5178
578 563 822 628 -3-·

105 755 194 813 eum,
220 756 238 800 e
261 734 355 817 cuius
383 735 530 804 dictione
560 735 725 826 optimum
755 736 901 826 quidque
922 741 1092 826 carperet
1114 741 1150 805 et
1169 761 1255 810 suo.
1328 822 1330 830 y

108 837 208 926 operi
229 838 405 932 insereret,
429 863 502 935 cum
520 841 676 928 Vergilio
693 846 729 909 et
745 838 900 919 Horatio,
923 839 1065 930 quorum
1088 835 1236 930 vestigia
1302 883 1304 894 ι

107 966 179 1010 non
194 932 308 1013 ,miuus
329 946 492 1034 pressisse
516 945 785 1017 Tacitumiuter
818 949 936 1014 omnes'
955 942 1100 1028 constat,
1135 948 1236 1038 adae-

108 1052 236 1136 quaret
256 1049 429 1118 Lucanum
440 1052 474 1137 ¹).
499 1039 571 1118 ”De
584 1049 656 1118 'hac
677 1037 879 1121 imitationis
902 1056 978 1120 arte
1000 1056 1121 1140 postea
1143 1059 1234 1139 tras*

108 1153 268 1237 tabimus,
282 1147 284 1154 '
300 1178 389 1222 nuuc
422 1155 506 1222 satis
539 1160 592 1223 est
624 1156 824 1249 conclusisse
847 1180 889 1224 ex
910 1157 974 1224 hoc
998 1157 1083 1244 loco,
1115 1159 1237 1248 quanti

111 1259 351 1345 aestimaverit
372 1261 512 1328 Tacitus
535 1265 670 1351 poetam
693 1255 887 1330 Lucanum.
904 1261 1078 1352 'Despexit
1100 1268 1137 1334 et
1153 1286 1237 1331 con-

108 1364 253 1451 tempsit
274 1369 461 1456 extremam
483 1366 627 1434 hominis
648 1363 779 1444 vitam:¹
796 1372 968 1446 auctorem
981 1368 1236 1438 Pharsaliorum

112 1468 205 1536 inter
228 1493 371 1550 summos
394 1469 514 1539 habuit
536 1477 655 1560 poetas
678 1473 832 1548 Latinos.
854 1559 857 1564 1

202 1574 296 1657 Quae
319 1577 477 1664 quoniam
494 1577 820 1668 demonstravimus,
853 1601 940 1646 nuno
972 1572 1157 1668 adipsum
1178 1602 1237 1648 vo·

109 1679 243 1746 uiamus
258 1682 480 1769 propositum,
500 1681 589 1770 quod
604 1682 669 1756 tali
684 1683 817 1749 ratione
833 1682 1056 1771 disponemus,
1072 1686 1114 1750 ut
1127 1685 1238 1773 prima

111 1783 291 1852 doceamus
314 1780 425 1872 parte,
449 1787 604 1882 quesere
628 1792 704 1878 arte
719 1787 859 1882 Tacitus
883 1809 938 1854 eos
962 1791 1130 1870 auctores,
1153 1781 1237 1880 quos

113 1911 190 1954 eum
220 1911 294 1957 esse
323 1890 528 1988 aemulatum
559 1915 655 1960 nemo
688 1893 838 1979 ignorat,
871 1891 917 1959 sit
949 1895 1092 1976 secutus,
1124 1895 1265 1964 altera.

111 1994 275 2083 exemplis
306 1996 441 2064 collatis
474 2003 688 2085 erponamuS,
722 2021 786 2088 quo
817 1999 893 2064 iure
922 1997 1077 2090 Tacitum
1108 1999 1239 2068 Lucani

112 2089 320 2167 imitatorem
342 2098 635 2189 appellaverimus.

591 2325 691 2390 “L

116 2457 192 2540 Qua
223 2458 359 2524 ratione
388 2458 544 2526 imitatus
577 2447 625 2526 sit
656 2460 869 2548 exemplaria
893 2461 1042 2544 Tacitus,
1077 2459 1238 2547 exemplis
1339 2523 1341 2526 .

571 2564 780 2632 illustratur.

206 2685 279 2768 „Ex
300 2685 351 2754 his
375 2687 565 2776 ceterisque
587 2687 733 2755 lectione
756 2687 868 2774 dignis
884 2688 1078 2755 auctoribus
1102 2691 1140 2755 et
1162 2679 1239 2754 ver-

115 2791 236 2856 borum
268 2791 429 2859 sumenda
452 2792 548 2880 copia
571 2796 623 2860 est
646 2797 682 2860 et
705 2793 857 2862 varietas
886 2793 1070 2879 figurarum
1090 2796 1239 2886 etcom-
1315 2821 1319 2836 ¹

118 2895 263 2982 ponendi
285 2897 384 2977 ratio,
414 2903 486 2963 tum
509 2897 553 2965 ad
576 2898 764 2986 exemplum
787 2898 956 2965 virtutum
979 2899 1124 2965 omnium
1147 2920 1240 2965 mens

119 2999 313 3088 derigenda.
359 3002 477 3091 Neque
500 3003 587 3069 enim
610 3002 761 3070 dubitari
782 3005 908 3091 potest,
941 3003 1023 3090 quin
1046 3003 1134 3070 artis
1157 3025 1238 3090 pars

115 3093 241 3196 magua
263 3107 479 3174 contineatur
500 3108 700 3174 imitatione.
745 3107 833 3176 Nam
856 3111 896 3175 ut
916 3108 1072 3176 invenire
1095 3108 1241 3193 primum

117 3213 192 3279 fuit,
209 3215 327 3300 estque
357 3213 584 3302 praecipuum,
618 3213 666 3280 sio
689 3235 737 3296 ea,
769 3234 855 3301 quae
878 3214 962 3280 bene
984 3212 1126 3280 iuventa
1148 3215 1239 3295 sunt,

118 3315 205 3384 utile
228 3318 353 3406 sequi“.
397 3317 453 3384 Ab
485 3319 537 3385 his
562 3318 683 3385 'verbis
707 3317 951 3405 Quintiiianus'
971 3317 1105 3384 initium
1137 3318 1240 3384 sumit

117 3421 189 3488 eius
211 3423 331 3490 decimi
352 3421 581 3490 institutionis
613 3423 786 3490 oratoriae
815 3422 897 3504 libri
926 3423 1046 3510 partis.
1079 3425 1243 3510 quac-est

118 3527 160 3592 de
182 3527 382 3608 imitatione,
406 3528 588 3596 nominatis
610 3527 719 3616 primo
736 3527 882 3596 ciusdem
904 3527 1115 3614 libricapite
1138 3529 1242 3615 scrip·

118 3636 233 3698 torum
264 3655 303 3699 ac
332 3637 511 3722 poetarum
533 3633 735 3700 Latinorum
757 3641 793 3699 et
817 3631 1026 3716 Graecorum
1058 3632 1194 3719 optimis
1205 3631 1240 3718 ²).

121 3737 194 3804 Iam
217 3759 318 3825 supra
336 3738 665 3805 commemoravimus
682 3735 787 3825 ipsius
803 3736 915 3804 Taciti
937 3735 1150 3828 senteutiam,
1176 3759 1242 3825 qua

119 3841 201 3929 quid
222 3841 296 3928 ipse
318 3843 462 3909 senserit
483 3842 524 3909 de
546 3843 609 3909 hac
635 3842 838 3912 imitationis
861 3846 939 3909 arte
961 3842 1242 3930 perbene-osten-

118 3947 224 4013 ditur.
271 3945 338 4014 Sed
369 3948 524 4036 quoniam
547 3948 588 4014 de
612 3947 775 4014 eiusmodi
797 3946 999 4014 imitationis
1029 3969 1156 4034 genere
1178 3946 1242 4013 hoc
1302 4043 1303 4046 Ἴ
1392 3961 1395 3966 ’

211 4167 238 4233 1)
258 4165 300 4219 cf.
319 4165 400 4220 etiam
421 4166 511 4232 Quint.
530 4165 592 4220 inst.
613 4171 683 4220 orat.
696 4165 722 4218 X
736 4169 758 4219 1.
769 4169 819 4220 9οι
849 4167 994 4234 ,Lucanus
1014 4163 1113 4220 ardeus
1133 4170 1160 4218 et
1180 4180 1243 4216 con-

124 4256 232 4322 citatae,
251 4261 287 4324 at,
307 4260 338 4308 ut
357 4248 454 4322 dicam,
478 4253 551 4322 quod
570 4255 667 4322 sentio,
694 4255 780 4323 magis
799 4254 955 4309 oratoribus
975 4270 1056 4321 quam
1076 4253 1165 4322 poetis
1184 4251 1243 4306 imi·

120 4347 244 4402 modost
288 4351 290 4354 ’
1096 4344 1099 4352 ’

210 4421 558 4506 2)1nst.orct.x2.1.'
665 4504 667 4508 Α

995 4522 1041 4578 12*
