3138 5178
793 437 1012 582 Δ--414

426 660 526 749 Hand
549 660 634 727 satis
669 661 797 728 certum
831 661 885 726 est
906 660 1010 726 verba
1034 658 1122 726 Hist.
1147 657 1230 724 168
1256 658 1462 740 „Raetorum

337 766 507 850 iuventus,
543 769 671 833 sueta
694 765 826 832 armis
857 767 893 831 et
915 787 1007 832 more
1039 762 1182 830 militiae
1206 763 1375 830 exercita“
1410 784 1462 826 re·

338 871 478 938 ferenda
510 894 583 938 csse
616 870 660 937 ad
690 869 819 936 Lucani
852 893 883 937 v.
908 870 972 935 325
1007 874 1141 952 „suetus
1173 868 1326 936 civilibus
1359 867 1461 932 armis

337 975 560 1064 (Pompeius)“
587 975 760 1044 afferenda
782 978 897 1042 tamen
919 997 960 1042 ea
987 999 1059 1042 esse
1082 975 1220 1063 putavi„
1254 997 1327 1040 cum
1349 973 1385 1040 in
1409 995 1461 1039 ea·

340 1082 415 1149 dem
440 1083 596 1150 Caesaris
620 1082 773 1148 oratione
796 1081 866 1148 siut
888 1082 1071 1164 collocata,
1103 1080 1193 1170 quod
1217 1085 1320 1168 auget
1343 1079 1461 1146 verisi-

254 1233 258 1239 -
337 1188 571 1255 militudinem.
605 1167 723 1275 lleque
747 1187 895 1253 certiora
910 1190 990 1253 sunt
1005 1186 1082 1253 Luc.
1100 1209 1132 1253 v.
1146 1187 1209 1253 339
1236 1185 1461 1268 „victrices

339 1293 517 1380 aquilas
540 1293 706 1378 deponere
735 1292 864 1358 iussus“
890 1292 1017 1358 collata
1046 1315 1119 1356 cum
1142 1291 1219 1358 Tac.
1237 1289 1326 1357 Hist.
1348 1291 1462 1356 1be

342 1398 459 1484 „signa
481 1398 741 1486 aquilaeque
765 1397 1016 1463 victricium
1047 1395 1256 1483 legionum“,
1297 1396 1460 1482 quoniam„

339 1503 489 1590 quamvis
513 1503 689 1569 concedam
714 1501 853 1568 insolite
876 1500 1055 1568 coniuncta
1078 1523 1150 1568 csse
1174 1499 1461 1584 verbaLucani¹)„

338 1607 422 1673 nihil
445 1611 559 1674 tamen
578 1609 657 1675 novi
674 1605 770 1673 video
788 1605 899 1673 Taciti
916 1605 1107 1672 sententiae
1130 1606 1304 1672 insertum.
1339 1605 1464 1692 „Signa

285 1736 287 1740 ’
338 1713 555 1802 aquilaequc“
583 1713 669 1779 enim
693 1713 740 1779 sie
763 1697 941 1779 coniuncta
964 1711 1096 1798 saepius
1113 1711 1333 1778 inveniuntur
1358 1711 1461 1796 (Hist.
1519 1737 1526 1756 ·

307 1891 308 1900 χ
339 1817 590 1903 1129311121
622 1817 733 1904 alibi),
766 1818 810 1884 ad
843 1817 1054 1899 „victricium
1082 1816 1271 1903 legionum“
1307 1816 1349 1882 cf.
1372 1815 1461 1882 Hist.

337 1923 434 1989 1175
461 1945 557 2008 „snas
580 1905 731 2010 legiones
763 1922 856 1988 civili
887 1922 973 1988 bello
1005 1923 1218 2008 inexpertae,
1250 1920 1373 1989 Vitelli
1397 1922 1462 1987 vic·

338 2029 472 2108 trices“‚
496 2027 612 2093 11163
637 2027 797 2108 „relictae
821 2026 919 2095 simul
949 2027 1183 2094 evictricibus
1206 2026 1377 2114 legiones“
1405 2027 1461 2108 (cf.

338 2136 519 2221 praeterea
540 2133 629 2200 Hist.
650 2133 701 2216 Ν
716 2133 781 2220 68).
832 2132 1016 2216 Hactenus,
1041 2133 1128 2220 quod
1143 2111 1192 2200 ⁸de
1208 2132 1363 2200 Caesaris
1388 2153 1462 2197 ora-

263 2321 264 2333 *
342 2239 436 2305 tione
459 2241 536 2304 erat
559 2237 781 2314 referendum.
1068 2233 1074 2248 '

431 2341 561 2410 Contra
582 2344 752 2430 proximus
774 2342 868 2410 locus
892 2343 1137 2410 dubitationem
1161 2343 1286 2410 habere
1301 2341 1382 2407 mihi
1397 2365 1464 2407 non

340 2448 487 2516 videtur.
533 2449 750 2520 Describitur
771 2449 860 2516 Hist.
878 2448 915 2514 ΙΙ
931 2449 983 2531 24,
1007 2449 1170 2536 quomodo
1194 2448 1281 2516 acies
1304 2447 1465 2514 Othonia-

339 2695 448 2760 litones,
467 2695 598 2759 interest,
627 2711 662 2748 ne
681 2697 873 2762 imperatorem
892 2696 1004 2764 pessimi
1024 2695 1160 2759 faciant“,
1187 2696 1234 2749 ubi
1253 2693 1403 2749 deteriores
1423 2713 1465 2749 co-

339 2782 414 2837 dices
440 2782 554 2837 tradunt
588 2801 674 2851 „vana
700 2785 834 2838 nominat
865 2785 1014 2853 „Equidem
1040 2785 1139 2839 collato
1168 2785 1216 2838 Sili
1242 2785 1301 2838 loeo
1329 2786 1467 2838 meliorem

339 2872 515 2927 traditionem
542 2879 636 2927 secuta
662 2873 789 2942 praefero
806 2879 921 2940 „vacua
940 2876 1080 2941 nomina“,
1108 2874 1156 2926 ubi
1181 2875 1296 2943 primum
1317 2878 1464 2942 „vacuum“

339 2955 451 3031 ponitu'r
470 2979 520 3031 pro
539 2963 620 3016 solito
640 2961 774 3016 adiectivo
795 2963 917 3030 „inane“‚
938 2962 1083 3031 quodiam
1108 2962 1172 3016 inde
1190 2979 1207 3016 a
1227 2963 1357 3016 Cicerone
1377 2963 1466 3018 estin

340 3069 392 3106 usu
419 3051 466 3122 (cf.
482 3051 535 3106 Cic.
555 3051 657 3105 Verr.‘1
673 3055 704 3104 15
733 3053 877 3120 „proponit
895 3053 989 3106 inania
1008 3053 1243 3106 mibirnobilitatis
1329 3053 1465 3122 uomina“‚

340 3143 392 3211 leg.
411 3159 468 3210 agr.
485 3128 500 3194 l
516 3144 547 3195 19
575 3157 679 3210 „neque
706 3140 782 3196 aliud
807 3143 953 3211 quicquam
972 3142 1025 3196 nisi
1052 3143 1133 3195 inane
1159 3159 1255 3196 nomen
1275 3143 1386 3211 Capuae
1404 3144 1467 3196 reli-

342 3233 485 3299 querunt“.
506 3230 585 3284 Tusc.
605 3231 661 3283 121
691 3231 773 3298 „nihil
792 3247 852 3286 esse
872 3233 979 3284 omniuo
999 3232 1132 3299 animum,
1162 3239 1189 3285 et
1208 3233 1259 3286 hoe
1283 3247 1343 3286 esse
1367 3247 1467 3284 nomen

339 3326 428 3374 totum
455 3321 562 3374 inane“.
606 3320 672 3373 Hor.
693 3321 744 3388 Ep.
765 3320 867 3373 117.4
894 3321 996 3388 „virtus
1025 3337 1122 3384 nomen
1147 3321 1263 3388 inane“,
1294 3323 1355 3375 Luc.
1378 3323 1467 3375 V389

344 3425 456 3478 „nomen
474 3409 556 3463 inane
575 3409 708 3476 imperii“,
727 3410 814 3478 ipsius
834 3409 924 3464 Taciti
942 3410 1013 3464 Hist.
1033 3411 1060 3463 ΙΙ
1074 3414 1116 3478 39,
1137 3411 1181 3465 IV.
1197 3414 1238 3464 14.

436 3499 461 3570 1)
481 3499 632 3566 „Victrices
646 3499 770 3566 aquilas“
784 3498 1017 3572 iterumoccurrit
1037 3499 1109 3568 apud
1120 3501 1259 3554 Lucanum
1273 3501 1298 3554 V
1311 3503 1377 3554 238:
1400 3501 1478 3570 „vic-1

343 3589 426 3643 trices
447 3589 554 3656 aquilas
574 3588 656 3642 alium
675 3589 782 3642 laturus
802 3589 829 3640 in
849 3589 942 3642 orbem
961 3589 1112 3658 (Caesar)“.

432 3678 462 3748 2)
478 3677 629 3732 Praeterea
647 3693 742 3755 versus
763 3677 809 3744 qui
828 3677 996 3746 praecedunt
1016 3678 1143 3745 orationi,
1162 3696 1186 3731 v.
1202 3681 1252 3732 291
1264 3694 1322 3746 sqq.

741 3842 743 3846 .
826 3777 865 3829 sic
884 3783 1030 3847 postquam
1049 3775 1133 3844 fatus,
1152 3777 1253 3846 stipsi

557 3867 585 3919 in
604 3866 704 3920 bellum
724 3882 810 3934 prono
829 3871 935 3920 tantum
954 3873 1047 3920 tamen
1069 3864 1176 3920 addidit
1194 3867 1253 3920 irae

558 3954 736 4023 accenditque
756 3955 850 4010 ducem
871 3998 917 4011 ...

344 4054 451 4110 confert
470 4054 658 4110 Reitzenstein
677 4071 737 4108 cum
755 4054 846 4108 Taciti
863 4055 953 4108 verbis
975 4055 1118 4123 Agricolae
1138 4057 1287 4109 orationem
1306 4055 1470 4110 anteceden-

344 4145 431 4199 tibus:
453 4144 638 4214 „Quamquam
657 4144 759 4198 laetum
772 4149 800 4198 et
813 4145 857 4198 vix
870 4145 1043 4200 munimentis
1058 4146 1204 4199 coercitum
1218 4144 1329 4198 militem
1349 4161 1471 4200 accen-

344 4233 494 4290 dendum
513 4233 601 4288 adhuc
621 4239 713 4301 ratus,
743 4237 783 4288 ita
802 4232 946 4288 disseruit“
1053 4235 1094 4290 Re
1119 4251 1185 4290 vera
1208 4235 1309 4288 similes
1329 4249 1390 4290 esse
1410 4251 1471 4291 sen-

343 4325 444 4380 tentias
464 4324 601 4380 concedo:
621 4325 703 4379 verbo
725 4323 890 4380 accendendi
908 4325 962 4394 ipsi
980 4325 1049 4379 nihil
1067 4327 1138 4380 inest
1156 4325 1268 4380 insoliti.
1371 4354 1374 4359 ·
