3138 5178
536 499 755 597 .-·¹⁵·-

168 672 221 739 At
249 695 315 738 non
348 672 447 739 modo
479 671 615 760 singula
645 670 748 754 diota,
768 673 885 740 ¹etiam
916 671 1129 739 narrationes
1153 671 1210 739 vel

62 776 327 865 descriptiones
349 777 532 844 transtulit
548 775 699 844 Tacitus·
712 779 754 845 ab
779 777 867 860 aliis,
892 799 1023 864 semper
1044 776 1117 844 tere
1139 799 1209 842 mu-

67 881 168 948 tatis
192 881 315 964 verbis,
351 881 417 948 etsi
447 881 484 947 in
514 881 719 949 universum·
735 881 910 948 consilium
945 881 1016 948 eius
1037 880 1211 967 haudqua-

68 1007 185 1072 quam
199 985 299 1052 latet.
338 984 472 1053 Summa
487 985 691 1075 depingendi
705 988 888 1054 venustate
910 989 1031 1053 auctor
1046 985 1208 1054 Aeneidis

70 1090 214 1157 inducit
232 1089 409 1175 Camillam
435 1089 580 1174 ,Volsca
603 1089 644 1157 de
666 1092 788 1178 gentc“
815 1093 925 1157 ortam
947 1089 1088 1158 Rutulis
1112 1089 1208 1157 auxi-

71 1195 226 1263 liantem
252 1197 372 1262 eontra
395 1195 568 1263 Troianos.
614 1195 759 1263 Insolito
793 1195 851 1263 sed
881 1200 982 1284 grato
1015 1195 1207 1284 spectaculo

75 1322 198 1366 omnes
231 1299 439 1383 excitantur,
467 1299 652 1388 implentur
675 1321 787 1368 omnes
812 1322 940 1370 summa
966 1300 1208 1368 admiratione:

73 1405 185 1489 (Aen.
209 1403 281 1470 Vll
304 1405 368 1470 812
382 1410 462 1491 sq.)
902 1424 903 1430 ’

171 1508 268 1574 illam
290 1508 396 1575 omnis
419 1509 557 1576 tectis
581 1509 788 1598 agrisque
812 1510 961 1577 effusa
982 1510 1161 1580 iuventus
1197 1566 1200 1574 .

172 1614 341 1700 turbaque
362 1613 508 1679 miratur
529 1615 675 1680 matrum
698 1617 735 1681 et
755 1618 953 1703 prospectat
976 1617 1122 1688 euntem.
1214 1688 1216 1692 ,

77 1718 177 1800 Quos
204 1739 322 1786 versus
350 1716 387 1782 in
418 1717 610 1784 memoriam
643 1717 771 1806 redigit
802 1719 942 1786 Tacitus
966 1719 1208 1802 Hist.,1v‚62,

83 1845 163 1888 oum
177 1821 289 1908 fingat
304 1822 468 1888 barbaros
483 1821 634 1909 legiones
647 1822 875 1890 Romanorum
885 1828 1004 1912 captas
1020 1827 1210 1911 stupentes:

82 1927 174 2011 ,Qui
204 1925 313 2014 paulo·
330 1928 411 1992 ante
434 1927 662 1993 Romanorum
693 1949 814 1996 nomen
846 1930 1038 2012 horrebant,
1072 1952 1210 2017 procur-

80 2034 200 2098 rentes
224 2053 272 2097 ex
294 2028 415 2117 agris
437 2031 666 2118 tectisque
689 2036 725 2099 et
740 2032 888 2121 undique
911 2033 1049 2100 effusi
1071 2032 1210 2100 insolito

79 2134 277 2223 spectaculo
299 2135 693 2204 nimium'fruebantur“.
728 2136 833 2228 Apud
854 2141 1036 2226 utrumque
1058 2139 1208 2205 homines

82 2239 260 2307 insolitum
275 2240 504 2326 spectaculum
518 2241 681 2308 mirantes
696 2240 913 2339 inducuntur,
937 2244 1052 2329 paucis
1075 2246 1210 2310 tantum
1295 2331 1298 2339 .

83 2345 199 2414 verbis
215 2344 479 2432 congruentibus
503 2349 539 2412 et
561 2345 613 2412 his
637 2369 770 2435 quoque
785 2347 1036 2435 aliquantulum
1057 2336 1214 2432 mutatiS,

83 2455 235 2518 ceterum
257 2449 370 2517 colore
393 2449 460 2516 loci
482 2454 628 2519 servato.
980 2511 982 2518 ,

173 2555 226 2621 Ex
249 2554 366 2622 eodem
387 2554 605 2622 historiarum
628 2557 740 2645 capite
761 2555 939 2625 Andresen
962 2557 997 2637 (l.
1020 2558 1058 2644 l.)
1082 2562 1119 2625 et
1141 2557 1210 2625 edi-

89 2664 183 2726 tores
217 2659 397 2726 conferunt
431 2661 635 2727 sententiam
661 2660 762 2745 ,haec
793 2661 1037 2729 meditantibus
1070 2662 1211 2750 aduenit

88 2762 321 2853 proficiscendi
342 2763 427 2830 hora
449 2766 686 2851 expectatione
701 2766 854 2832 tristior“
873 2789 949 2833 oum
963 2767 1043 2836 Livi
1058 2767 1112 2834 [X
1126 2769 1156 2833 5.
1169 2767 1209 2834 11

91 2867 424 2952 ,haecfrementibus
447 2869 531 2936 hora
553 2869 672 2937 fatalis
695 2871 901 2958 ignominiae
924 2871 1074 2956 advenit,
1099 2873 1211 2939 omnia

89 2972 244 3040 tristiora
267 2971 472 3058 experiundo
490 2973 636 3058 factura,
659 2998 758 3063 quam
775 2998 860 3064 quae
876 2980 1119 3065 praeceperant
1141 2977 1211 3044 ani-

89 3077 180 3160 mis“,
213 3078 250 3142 et
274 3076 395 3159 ,silens
419 3099 540 3165 agmen
563 3080 612 3165 (et
634 3080 731 3147 velut
752 3073 877 3168 longae
900 3082 1110 3170 exsequiae)“
1136 3105 1209 3148 oum

88 3182 162 3248 Liv.
185 3176 239 3246 IX
262 3181 347 3246 6.11
374 3181 478 3264 ,adeo
511 3184 612 3250 silens
647 3207 685 3251 ae
708 3208 813 3273 prope
845 3188 975 3252 mutum
1006 3207 1126 3272 agmen
1159 3187 1210 3252 in.-

88 3286 255 3353 cessisse‘t
923 3305 924 3310 ’

171 3389 225 3456 Ex
247 3389 408 3478 exemplis
432 3389 588 3479 Vergilio
611 3390 735 3460 debitis
764 3394 819 3460 illi
851 3417 955 3483 supra
977 3395 1085 3462 allato
1107 3419 1209 3462 unum

90 3495 220 3582 quidem
241 3495 372 3562 addam.
423 3493 519 3562 ‘Arm
543 3496 645 3563 1129
667 3520 768 3566 eausa
790 3500 929 3566 Libonis
962 3500 1068 3567 studii
1098 3523 1210 3568 rerum

91 3621 249 3666 novarum
271 3601 422 3667 accusati
446 3603 481 3668 et
503 3623 570 3689 qua
592 3603 727 3670 ratione
750 3604 816 3670 sibi
829 3605 1024 3673 miserrimo
1046 3606 1210 3673 auxilium

93 3725 207 3792 parare
228 3703 275 3770 sit
296 3708 438 3772 conatus
472 3711 667 3774 enarratur:
694 3708 862 3792 ,Lectica
894 3709 1029 3778 delatus
1052 3710 1209 3779 adfores

92 3809 199 3875 curiae
213 3807 409 3896 innisusque
422 3809 526 3888 fratri
542 3813 578 3878 et
595 3831 744 3880 manus
767 3835 814 3880 ac
837 3815 1062 3902 supplices
1085 3839 1230 3891 voces·

93 3911 143 3979 ad
164 3912 384 3979 Tiberium
406 3915 595 3983 tendens
628 3916 765 3983 immoto
789 3918 860 3985 eius
885 3919 987 3986 vultu
1010 3919 1209 4007 excipitur“.

96 4017 230 4085 Insolite
253 4015 387 4105 quidem
402 4018 530 4085 dictum
547 4022 601 4087 est
615 4019 704 4087 illud
721 4044 856 4105 ,manns
872 4044 912 4089 ao
928 4024 1094 4112 supplices
1111 4047 1209 4093 voces

98 4121 138 4187 ad
151 4121 320 4188 Tiberium
333 4122 508 4206 tendens“,
532 4123 592 4190 sed
613 4124 676 4191 illa
691 4125 811 4213 figura,
835 4148 937 4214 quam
952 4125 1083 4196 Graeco
1106 4130 1209 4197 verbo

100 4230 204 4310 ζεῦγμα
226 4248 393 4311 vocamus,
421 4228 600 4295 coniuncta
623 4250 695 4296 esse
713 4233 822 4306 ,verba
843 4231 945 4300 facile
967 4232 1208 4321 intellegimus,

97 4331 127 4397 si
144 4332 355 4399 recordamur
376 4331 557 4399 nonnullos
579 4332 714 4421 Vergili
734 4334 836 4419 locos,
858 4339 900 4403 ut
921 4336 1008 4403 Aen.
1031 4337 1070 4404 H
1092 4338 1156 4404 688
