3138 5178
577 547 794 614 ...37-

123 725 219 790 catnr
239 722 310 789 sine
326 723 426 790 dubio
442 723 630 808 genetivus.
677 721 744 790 Sed
757 725 843 790 beno
857 722 1000 791 adverte
1016 723 1127 790 locum
1143 745 1246 811 supra

124 827 274 910 allatum,
300 828 386 895 Hist.
404 813 595 912 149o100,
612 827 669 896 ubi
695 830 854 915 ,parcum
889 850 979 898 oum.
985 828 1146 916 genetivo
1161 852 1245 897 con·

124 933 271 1000 iunctum
294 932 477 1021 respondet
495 933 678 1022 participio
704 935 905 1022 ,appetens“
930 955 1005 1000 cum
1028 931 1142 1003 eodem
1166 956 1246 1005 casu
1297 991 1299 996 ,

123 1025 306 1121 coniuncto,
331 1039 403 1127 qno
419 1039 635 1105 confirmetur
657 1039 827 1106 sententia
848 1061 922 1106 mea
948 1060 1052 1127 snpra
1066 1039 1204 1127 prolata
1212 1040 1245 1126 ¹).

125 1143 275 1231 Denique
291 1143 344 1210 illi
369 1165 509 1232 ,parcus
526 1145 624 1210 snae“
650 1143 833 1231 respondet
853 1144 889 1210 in
905 1149 1060 1212 extrema
1075 1143 1246 1216 sententia

126 1249 295 1336 ,publicae
318 1254 475 1329 avarus“,
500 1249 555 1316 cui
576 1247 668 1344 hand
689 1250 800 1321 minor
823 1252 876 1318 est
891 1247 1043 1316 audacia.
1079 1248 1154 1318 Uno
1169 1253 1244 1319 tan·

123 1360 194 1421 tum
216 1354 333 1420 addito
356 1352 429 1422 loco
453 1355 552 1420 finem
575 1354 651 1420 hnic
681 1349 850 1446 imponam
872 1354 974 1442 parti.
1019 1355 1110 1424 Hist.
1134 1355 1188 1425 IV
1203 1356 1246 1422 39

125 1481 185 1543 ,ne
206 1459 347 1546 paratis
368 1458 502 1546 quidem
525 1458 693 1547 corrumpi
720 1458 852 1526 facilis“
887 1458 996 1555 simile
1028 1459 1163 1548 quidem
1191 1465 1247 1530 cst

120 1564 246 1632 Lucani
271 1563 387 1630 11656
414 1562 507 1650 ,capi
522 1563 665 1644 fusilis“,
689 1584 796 1649 neque
818 1565 932 1630 tamen
954 1564 1059 1633 ullam
1078 1566 1246 1646 rationem

121 1670 211 1736 inter
234 1667 295 1735 hos
318 1668 410 1736 locos
433 1669 646 1735 intercedere
669 1672 763 1756 poto,
786 1668 944 1756 quoniam
963 1668 1163 1754 infinitivus,
1187 1651 1247 1760 qini

124 1774 291 1861 dependet
314 1773 355 1840 de
376 1773 571 1856 adiectivis,
604 1773 693 1840 hand
714 1774 845 1852 alienus
869 1777 922 1841 est
945 1794 966 1842 a
988 1796 1155 1860 sermone,
1169 1847 1171 1854 ,
1186 1776 1245 1864 qui

119 1883 191 1946 tum
214 1883 324 1961 erant,
348 1883 534 1968 poetarum.
576 1878 668 1946 Haec
690 1882 779 1962 sunt,
804 1900 890 1967 qnae
913 1901 954 1946 ex
973 1879 1246 1968 opereGoebelii

118 2007 272 2072 promere
295 1985 376 2052 mihi
399 1984 567 2072 proposui.
598 1983 790 2072 ¹Perpauca
808 1983 942 2073 quidem
958 1988 1047 2080 sunt,
1073 2008 1158 2074 quae
1173 2008 1242 2055 ma·

119 2097 200 2157 nent
237 2111 256 2156 e
292 2111 429 2159 numero
468 2079 696 2178 exemplorum
732 2091 776 2156 ab
814 2090 873 2157 illo
911 2089 1126 2158 collatorum
1178 2091 1245 2160 Sed

119 2196 266 2284 fortasse
297 2197 390 2262 recte
422 2195 572 2261 coniecto
595 2193 700 2282 ipsius
724 2194 888 2278 Goebelii,
919 2218 994 2263 cum
1016 2197 1147 2265 Lucani
1169 2220 1245 2266 ver·

119 2324 175 2367 sus
210 2300 386 2382 afferebat,
425 2298 513 2378 haud
547 2320 678 2386 semper
711 2299 817 2379 fnisse
851 2300 1055 2368 sententiam
1088 2301 1244 2370 Tacitum

118 2407 280 2474 scientem
308 2405 470 2476 insistere
511 2405 667 2493 vestigiis
700 2389 832 2493 poetae.
889 2404 956 2473 Sed
988 2406 1145 2495 qnoniam
1179 2408 1245 2475 sibi

116 2516 342 2600 proposuerat
374 2511 522 2578 scribere
552 2509 592 2577 de
625 2511 758 2599 poetico
789 2511 921 2588 Tacitei
954 2511 1028 2580 stili
1060 2511 1191 2600 dolore,
1227 2538 1245 2583 e

116 2617 245 2687 Lucani
278 2637 409 2732 quoqne
439 2617 587 2682 carmine
617 2616 825 2705 deprompsit
855 2617 1024 2706 exempla,
1057 2640 1143 2706 qnae
1173 2620 1243 2708 qui-

117 2721 194 2788 dem
223 2724 364 2810 putaret
394 2723 466 2788 esse
495 2721 617 2788 idonea
645 2721 689 2788 ad
718 2722 962 2790 illustrandum
985 2722 1097 2796 Taciti
1128 2719 1244 2830 stilum

117 2827 298 2922 poeticum

205 2931 289 2997 Tum
311 2930 396 2998 adeo
419 2953 515 2999 nemo
533 2953 635 3021 opere
655 2932 728 2999 eins
743 2931 962 3015 incitabatur,
986 2935 1027 3000 nt
1044 2932 1243 3021 diligentius

116 3040 289 3108 tractaret
311 3058 399 3116 rem,
435 3040 477 3128 nt
498 3036 611 3124 potius
633 3036 807 3104 Woelfflin
830 3035 917 3102 nihil
949 3038 1101 3116 effecisse
1123 3040 1157 3104 in
1182 3040 1244 3107 hac

114 3165 154 3208 re
179 3141 563 3218 Goebeliumiudicaret
587 3141 641 3226 (cf.
666 3163 777 3232 snpra¹
790 3165 822 3230 p.
848 3142 920 3229 34),
935 3217 937 3227 ¹
955 3165 1029 3214 cum
1051 3146 1242 3231 nuperrime

116 3247 355 3322 Reitzenstein
378 3247 518 3332 collegit
546 3246 710 3313 nonnulla
731 3268 820 3313 nova
844 3248 1007 3335 exempla,
1042 3249 1162 3336 quibus
1186 3249 1240 3317 de·

114 3355 326 3442 monstraret
341 3353 430 3419 viam
446 3354 489 3420 ad
505 3350 804 3438 redintegrandam
828 3353 1061 3450 quaestionem
1070 3353 1104 3442 ²).
1145 3355 1240 3437 Quae

204 3585 235 3652 ,1)
260 3584 429 3653 Quamquam
449 3583 567 3638 concedo
589 3585 720 3654 ,parcus“
751 3600 811 3638 cnm
830 3586 955 3653 genetivo
975 3586 1148 3640 coniunctum
1168 3586 1242 3641 haud

113 3672 201 3726 facilc
219 3674 258 3728 sic
278 3674 418 3743 explicari,
444 3690 505 3729 cum
524 3673 671 3742 participia
690 3674 834 3729 verborum
853 3659 1090 3730 intransitivorum
1118 3691 1182 3730 raro
1202 3677 1241 3730 in-

114 3763 262 3818 veniantur
281 3762 355 3831 apud
374 3769 501 3817 auctores
520 3762 600 3817 huius
620 3763 730 3831 aetatis,
750 3763 785 3817 cf.
804 3749 929 3832 Drneger
948 3765 966 3819 l.
985 3765 1003 3818 l.
1021 3783 1049 3834 p.
1064 3767 1125 3820 483.
1164 3767 1241 3822 Gete-

112 3867 177 3904 rum
196 3867 256 3904 cum
269 3851 376 3906 Heraeo
396 3851 527 3908 admoneo
541 3852 655 3908 Sallusti
672 3853 727 3906 loci
747 3853 806 3909 Cat
820 3855 875 3922 5,4
895 3852 1019 3922 „alienae
1031 3860 1179 3923 appetens,
1199 3856 1242 3910 sui

112 3939 273 4008 profusus&
293 3941 339 4008 qui
357 3942 433 3994 locus
453 3941 548 3995 Tacito
567 3940 621 3995 fuit
610 3943 798 4010 texemplari.

205 4030 234 4100 2)
261 4031 279 4083 1
298 4030 316 4083 l.
336 4031 446 4098 passim.
484 4029 570 4084 Sed
562 4032 694 4100 imprimis
713 4032 835 4100 respice,
862 4032 935 4100 quod
953 4031 1046 4087 dicit
1037 4050 1066 4086 m
1084 4035 1241 4091 universum
1311 4061 1314 4066 ·

112 4119 305 4173 Reitzenstein
325 4118 358 4174 de
379 4122 487 4174 Lucano
501 4120 590 4173 Taciti
609 4127 722 4175 auctore
741 4123 779 4189 (p.
800 4124 853 4174 204
874 4120 938 4175 adn
960 4124 1004 4191 lt:
1026 4123 1103 4190 ,Dass
1121 4140 1152 4177 er
1170 4124 1241 4194 (scil.

112 4215 213 4263 auctor
232 4208 346 4278 dialogi)
366 4210 464 4263 Lokan
483 4209 628 4278 hinzufi'rgt
655 4209 702 4280 (ad
722 4211 872 4279 Vergilium
892 4218 919 4265 et
938 4211 1026 4266 Horat
1015 4214 1094 4281 tium)
1121 4213 1159 4267 ist
1177 4213 1241 4266 sehr

112 4299 241 4367 wichtig,
270 4298 305 4352 da
331 4298 422 4353 dieser
447 4299 568 4354 sttrkste
594 4299 643 4353 der
669 4300 826 4368 Epigonen
838 4301 909 4353 nach
935 4302 1026 4355 seiner
1050 4301 1293 4370 pe'rsdnlichen

113 4387 147 4442 st
135 4387 242 4456 tellung
260 4387 316 4442 und
336 4389 437 4444 seinem
455 4389 645 4444 rhetorischen
659 4389 781 4444 Charakt
769 4395 813 4444 ter
831 4375 883 4462 eng
900 4406 935 4444 zu
948 4391 1051 4445 Seneca
1062 4391 1167 4458 gehtrt
1184 4389 1297 4446 und!
