3138 5178
556 512 773 579 „31„

108 679 184 752 lam'
203 686 290 764 vide,
327 691 455 780 quanta
477 687 662 754 atrocitate
685 685 756 754 hoo
771 679 817 754 sit
840 687 974 754 dictum.
1021 687 1249 755 Obversatur·

106 791 224 859 Tacito
248 791 334 858 illud
360 793 513 876 „haurire
533 793 760 878 sanguinem“,
784 791 874 880 qdod
897 793 1046 860 fortasse
1070 793 1158 858 haud
1181 794 1230 859 in-

107 898 207 964 solite
244 901 296 964 est
330 899 466 966 dictum.
523 899 608 963 'lum
641 898 782 965 audacia
805 898 948 988 quadam
971 921 1044 965 cum
1067 899 1129 965 hac
1150 897 1232 965 iina-

106 1003 185 1088 gine
209 1003 385 1090 coniungit
407 1003 519 1090 figura
546 1008 719 1088 ζεὺγματος,
756 1025 854 1092 quam
877 999 1044 1086 vocamus
1080 1003 1233 1070 adhibita

113 1108 291 1194 „praedam
309 1103 475 1174 haurire“.
507 1109 661 1197 Denique
677 1131 769 1176 more
785 1131 844 1175 suo
861 1106 1058 1175 brevissime
1074 1107 1231 1196 adiungit
1301 1172 1302 1177 ,

113 1214 276 1296 „Caecina
304 1213 438 1280 hausit“
463 1238 524 1304 pro
552 1214 696 1296 „milites
721 1215 884 1280 Caecinae
907 1215 941 1280 in
965 1215 1088 1281 itinere
1112 1213 1232 1282 hause-

108 1321 220 1401 runt“‚
255 1317 344 1386 undo
367 1320 415 1402 fit,
449 1321 489 1384 ut
513 1320 684 1407 sententia
707 1320 813 1386 mirae
835 1321 938 1407 atque
963 1318 1137 1386 inauditae
1159 1321 1231 1385 bre·

108 1425 230 1492 vitatis
247 1425 387 1491 oriatur.
434 1424 501 1492 Sed
516 1424 560 1490 ad
574 1429 691 1492 cetera
713 1430 877 1492 revertor.
923 1425 1076 1491 Eventus
1099 1447 1232 1512 pugnae
1365 1499 1368 1508 ⁴

108 1529 152 1594 ad
174 1513 375 1596 Bedriacum
390 1529 502 1595 factae
518 1529 643 1597 inscius
660 1530 823 1596 Vitellius
850 1534 914 1614 „ut
936 1530 989 1597 ad
1010 1531 1233 1616 integrum

107 1635 273 1701 bellum
299 1634 462 1722 'reliquas
493 1635 687 1702 Germanici
722 1637 889 1704 exereitus
924 1637 1014 1706 vires
1050 1635 1229 1702 trahebat“

47 1796 50 1800 .
107 1742 354 1827 (Hist.1157).
400 1739 499 1823 Quod
521 1742 678 1808 imitatur
701 1742 783 1808 Sall.
800 1742 874 1828 Ing.
893 1743 943 1825 73,
980 1742 1038 1830 qui
1060 1742 1106 1808 sie
1130 1747 1232 1828 eaput

109 1847 245 1934 incipit:
283 1847 414 1934 „igitur
439 1835 604 1929 Metellus,
638 1848 696 1912 ubi
728 1846 770 1913 de
799 1869 879 1913 casu
902 1847 1100 1914 Bomilcaris
1124 1850 1160 1913 et
1182 1847 1231 1911 in-

109 1953 196 2018 dicio
228 1953 403 2040 patefacto
436 1977 477 2019 ex
499 1953 653 2041 perfugis
682 1953 852 2040 cognovit
877 1974 992 2022 rursus
1016 1956 1233 2041 tamquam

110 2058 162 2122 ad
185 2059 409 2143 integrum
440 2058 602 2124 bellum
636 2063 757 2124 cuncta
793 2062 892 2146 parat
925 2058 1167 2148 festinatque“.
1191 2097 1233 2106 —
1275 2130 1278 2138 ,

109 2163 200 2229 Hist.
225 2164 260 2228 ΙΙ
285 2165 327 2228 74
354 2163 600 2250 „Vespasianus
634 2162 771 2242 bellum
788 2185 945 2251 armaque
982 2167 1017 2230 et
1041 2163 1155 2250 procul
1178 2162 1234 2230 vel

110 2268 208 2334 iuxta
241 2268 324 2334 sitas
357 2268 447 2335 vires
478 2269 813 2354 circumspectabat“‚
849 2268 935 2359 quae
957 2268 1128 2335 sententia
1152 2268 1232 2335 duoss
1260 2265 1262 2270 ’

111 2373 373 2439 rumoontinet
389 2361 583 2440 ‘auctorum
616 2373 717 2438 diota.
772 2373 858 2441 Nam
895 2373 1039 2456 „bellum
1072 2365 1231 2461 armaque

112 2481 308 2566 spectabat“
335 2484 387 2544 est
411 2479 590 2564 Livianum
627 2479 697 2560 (ΙΠ
722 2481 764 2544 69
792 2501 907 2563 „arma
930 2483 966 2572 et
988 2479 1113 2545 bellum
1145 2501 1236 2568 spec-

111 2587 229 2670 tabat;
254 2587 306 2650 IX
325 2587 407 2674 lQ.5
434 2607 546 2669 „arma
569 2585 682 2652 cuncti
704 2580 929 2672 spectant'et
943 2585 1113 2666 bellum“),
1140 2608 1236 2671 „pro-

111 2690 165 2757 cul
198 2691 253 2757 vel
288 2681 385 2758 iuxta
419 2690 502 2756 sitas
534 2690 642 2756 vires“
680 2689 934 2772 Sallustianum,
970 2689 1058 2775 qood
1092 2687 1234 2775 legimus

112 2797 275 2883 seriptum
297 2796 333 2861 in
356 2795 568 2862 Mithridatis
593 2795 740 2882 epistula
774 2793 875 2880 (Hist.
896 2793 948 2860 IV
965 2796 1017 2860 69.
1032 2793 1102 2880 17);
1131 2793 1236 2878 „Con-

111 2923 215 2968 venas
240 2901 319 2967 olim
344 2901 414 2967 sine
436 2900 560 2988 patria,
583 2901 795 2988 parentibus²
819 2903 948 2987 pestem
968 2899 1121 2966 conditos
1146 2895 1235 2964 orbis

114 3012 304 3085 terrarum,=
322 3006 443 3095 quibus
466 3029 533 3072 non
556 3006 701 3072 humana
723 3006 795 3071 nlla
816 3026 925 3093 neque
948 3004 1063 3072 divina
1087 3007 1235 3086 obstant,

111 3113 195 3200 quin
229 3112 346 3194 socios,
381 3112 514 3191 amicos,
548 3111 703 3198 procul
725 3111 852 3177 iuxta
875 3111 1005 3192 sitos,
1027 3110 1154 3197 ‚inopes
1176 3132 1235 3198 po-

111 3217 285 3304 tentisque
308 3217 452 3284 trahant
476 3216 707 3283 exscindant“.
753 3215 905 3282 Eandem
928 3216 1079 3301 respexit
1097 3215 1236 3281 Tacitus

112 3322 324 3390 Mithridatis
350 3322 538 3410 epistulam,
563 3345 636 3388 oum
660 3327 885 3408 componeret,
907 3343 995 3410 quae
1018 3321 1053 3386 in
1075 3320 1236 3407 proximis
1276 3315 1279 3319 ’

113 3431 301 3516 sequuntur
316 3429 494 3514 capitibus.
544 3428 731 3494 Exorditur
747 3427 921 3500 Mucianus
938 3427 1124 3493 orationem
1147 3426 1236 3514 apud

24 3517 28 3536 ’
112 3534 223 3620 ipsum
245 3533 491 3624 Vespasianum
520 3533 672 3600 habitam
696 3533 746 3598 his
770 3532 881 3599 verbis
906 3532 955 3620 (ll
977 3533 1048 3618 7o):
1085 3533 1235 3617 „Omnes

10 3705 11 3710 ,
113 3639 172 3726 qui
187 3660 386 3724 magnarum
402 3662 514 3708 rerum
531 3639 671 3705 consilia
688 3637 883 3725 suscipiunt,
907 3639 1086 3706 aestimare
1103 3637 1236 3719 debent,

113 3767 156 3811 an
180 3743 269 3832 quod
291 3745 478 3826 inchoatur,
503 3745 553 3810 rei
576 3745 730 3829 publicae
752 3744 847 3826 utile,
871 3744 954 3830 ipsis
973 3742 1168 3830 gloriosum,
1193 3764 1236 3808 an

115 3854 306 3937 promptum
332 3851 458 3916 effectu
479 3853 541 3916 aut
565 3852 657 3917 certe
679 3873 746 3916 non
770 3849 910 3916 arduum
934 3849 981 3916 sit
989 3873 996 3933 3
1031 3847 1131 3914 simul
1153 3847 1235 3934 ipse,

114 3956 173 4041 qui
196 3956 334 4037 suadet,
370 3954 630 4021 considerandus
655 3959 724 4037 est,
753 3954 922 4021 adiciatne
945 3953 1082 4020 consilio
1106 3953 1235 4040 pericu-

114 4061 182 4126 lum
201 4083 318 4142 suum,
355 4062 391 4126 et
414 4061 442 4126 si
464 4061 604 4127 fortuna
626 4059 753 4146 coeptis
787 4059 954 4141 adfuerit,
990 4059 1043 4126 eui
1074 4081 1236 4129 summum

115 4166 216 4232 decus
240 4166 473 4254 adquiratur“.
520 4166 669 4232 Differre
700 4165 843 4232 concedo
867 4188 1001 4232 sensum
1023 4162 1235 4230 Mithridatis

117 4273 295 4336 verborum
320 4270 518 4357 (1V69.1):
547 4270 698 4355 „Omnes
723 4272 781 4365 qui
804 4270 958 4338 secundis
982 4273 1083 4336 rebus
1108 4271 1176 4336 suis
1192 4267 1237 4334 ad
1267 4309 1269 4316 ,

116 4378 199 4446 belli
222 4377 420 4444 societatem
441 4380 593 4458 orantur,
618 4377 828 4443 considerare
846 4377 979 4462 debent,
1002 4376 1148 4442 liceatne
1164 4379 1235 4441 tum
