3138 5178
16 4161 18 4174 .

16 4179 20 4241 l

17 4241 19 4256 Ι

582 521 797 586 ..59-

160 697 165 704 ’
193 697 354 760 noverat:
379 695 415 759 et
438 692 557 760 saxis
579 693 961 781 tantum'volucresque
983 691 1195 779 feraeque

194 797 393 884 sculptaque
416 799 600 864 servabant
622 797 768 884 magicas
791 797 1000 864 animalia
1021 796 1164 884 linguas.

128 937 212 1006 Alia
234 939 390 1026 profecto
413 938 455 1004 de
478 961 514 1006 re
538 939 614 1026 agit
636 939 776 1016 Tatitus
800 941 889 1008 Aun.
913 937 980 1006 XV
997 939 1047 1004 37.
1092 938 1193 1021 Nero,
1217 941 1259 1004 ut

128 1043 313 1132 inquietem
343 1042 446 1110 animi
475 1046 691 1130 componeret
719 1043 955 1131 voluptatibus
986 1048 1023 1110 et
1050 1043 1255 1124 lihidinibus,

128 1171 191 1236 per
214 1147 350 1235 publica
372 1147 448 1214 loca
470 1149 627 1214 struebat
650 1147 816 1229 convivia,
840 1170 983 1235 quorum
1005 1170 1107 1215 unum
1128 1149 1165 1213 in
1179 1150 1258 1214 rate

127 1252 469 1340 stagnumAgrippae
481 1256 725 1338 supernatante
737 1252 983 1328 celebrabatur.
1019 1252 1256 1336 ,Volucres

128 1360 173 1424 et
193 1357 315 1424 ieras
344 1356 490 1423 diversis
524 1357 669 1424 stertis
701 1362 737 1424 et
759 1356 969 1424 animalia
997 1357 1101 1424 maris
1124 1355 1258 1424 Oceano

127 1464 277 1550 abusque
299 1461 505 1548 petiverat“.
1048 1529 1050 1537 ,

218 1565 286 1634 Sed
308 1566 455 1633 alterum
477 1567 573 1654 prius
597 1566 843 1634 consideremus
866 1567 985 1636 locum.
1019 1567 1167 1650 Tacitus,
1190 1589 1258 1654 quo
1351 1631 1352 1634 ,

127 1671 202 1738 loco
237 1693 292 1738 res
323 1671 433 1757 poscit
468 1671 508 1738 de
532 1671 783 1758 hieroglyphis,
822 1694 908 1759 quae
932 1677 1114 1754 vocantur,
1144 1671 1258 1764 facere

127 1777 244 1859 verba,
268 1776 317 1844 sie
339 1757 565 1860 crciatum.
582 1775 636 1841 xl
650 1776 704 1860 14)
730 1775 858 1859 ,Primi
880 1798 942 1864 per
966 1775 1141 1863 figuras
1170 1776 1255 1842 ani-

127 1880 304 1947 malium
326 1880 496 1966 Aegyptii
518 1902 635 1948 sensus
664 1881 785 1948 mentis
809 1879 1019 1967 effingebant
1041 1919 1081 1930 -
1106 1902 1146 1947 ea
1169 1879 1257 1948 anti·

128 1985 292 2072 quissima
324 1985 527 2051 monimenta
560 1985 740 2052 memoriae
776 1986 939 2052 humanae
957 1985 1133 2074 ¹impressa
1167 1985 1259 2052 saxis

128 2075 317 2156 cernuhtur
340 2127 393 2171 —‚
417 2091 454 2155 et
474 2089 673 2156 litterarum
696 2093 802 2156 semet
824 2090 1021 2156 inventores
1044 2089 1257 2176 porhibeut“.

128 2193 195 2262 Hic
216 2194 361 2282 primum
384 2193 522 2260 Tacitus
545 2193 733 2279 respexisse
755 2193 928 2262 Lucanum
950 2194 1101 2274 videtur,
1133 2195 1258 2261 iterum

131 2298 194 2364 illo
216 2299 290 2366 loco
313 2298 411 2365 modo
435 2295 552 2366 allato.
599 2299 686 2365 Nam
707 2298 830 2364 mirum
856 2299 893 2364 in
913 2298 1047 2366 modum
1069 2300 1175 2387 pisces
1200 2321 1258 2385 ap·

105 2402 242 2490 'pellat
275 2400 453 2486 „animalia
475 2403 611 2481 maris“,
644 2401 734 2489 quod
756 2403 971 2471 coniunctum
993 2425 1066 2470 cum
1095 2403 1155 2470 illo
1181 2423 1258 2487 ,vo-

129 2508 244 2575 lucres
268 2512 304 2574 et
325 2507 437 2578 ferar
470 2530 532 2594 per
564 2530 601 2575 se
630 2506 721 2574 haud
749 2507 888 2575 insolito
899 2509 920 2595 ¹)
951 2507 1050 2576 valde
1073 2508 1180 2576 simile
1204 2510 1259 2574 est
1303 2529 1306 2535 ·

130 2612 261 2680 Lucani
283 2613 404 2680 verbis.
428 2652 471 2660 -

223 2855 250 2923 1)
270 2852 310 2907 cf.
330 2854 417 2922 ipsius
436 2853 543 2908 Lucani
562 2853 689 2922 vultos
702 2870 760 2921 sqq.

472 2993 506 3032 nc
526 2978 605 3047 ponti
623 2979 704 3032 belua
723 2976 880 3045 quidquam,

293 3084 334 3121 ne
353 3065 447 3134 fera,
467 3083 508 3121 ue
527 3066 710 3134 volucres,
730 3083 764 3121 ne
783 3068 857 3122 saevi
877 3067 1003 3121 Caesaris
1022 3067 1064 3120 ira

296 3156 406 3224 audeat,
427 3157 560 3225 exiguam,
582 3164 712 3224 quantum
732 3162 820 3225 potes,
839 3157 934 3225 accipe
952 3155 1096 3222 flammam,

134 3283 183 3336 ubi
207 3283 303 3350 „ponti
322 3282 422 3336 belua“
449 3288 513 3335 sunt
537 3281 627 3350 pisces
651 3288 679 3335 et
704 3296 820 3350 rapaces
839 3280 922 3334 maris
942 3280 1087 3347 animalia,
1115 3285 1173 3333 tum
1191 3281 1258 3334 Luc.

131 3372 158 3424 X
173 3375 223 3426 158

346 3469 445 3524 multas
465 3469 716 3536 volucresque
735 3469 915 3538 ferasque

223 3559 343 3627 Aegypti
361 3574 478 3627 posuere
496 3556 570 3612 deos.
649 3634 652 3641 Ι
708 3557 712 3564 ’

132 3683 282 3736 Praeterea
301 3681 336 3735 cf.
355 3682 467 3736 Pacuvii
487 3683 538 3750 lrg.
559 3700 598 3738 rv.
621 3685 670 3736 197
682 3699 741 3750 sqq.

180 3817 181 3820 ’
224 3807 323 3874 Mater,
343 3813 371 3862 te
389 3808 508 3876 appello,
527 3813 566 3875 tit,
587 3824 658 3877 quae
677 3823 769 3863 curam
789 3813 883 3863 somno
902 3811 1062 3876 suspensam
1081 3806 1155 3861 levas

225 3913 313 3964 neque
333 3899 360 3950 tc
380 3897 432 3951 mei
450 3898 570 3965 miseret,
590 3902 671 3966 surge
690 3903 718 3951 et
737 3898 823 3966 sepeli
841 3894 935 3951 natum
955 3897 1053 3967 [tuum]

478 4043 479 4046 ,
960 3987 1037 4054 prius
1057 3989 1138 4053 quam
1158 3985 1260 4040 ferae

224 4077 472 4143 volucresque.

134 4185 275 4238 Lucanum
303 4183 416 4252 respicit
434 4183 592 4238 Ammianus
612 4193 722 4253 quoque¹
743 4182 921 4238 Marcellinus
940 4181 1019 4235 XXII
1035 4185 1066 4234 15
1095 4181 1181 4252 (quod
1206 4182 1261 4235 iam

138 4272 208 4327 vidit
227 4272 322 4341 Heise)
342 4273 546 4340 ,volucrum
565 4271 802 4341 ferarumque
821 4287 922 4341 genera
940 4272 1027 4326 multa
1046 4272 1221 4340 sculpserunt
1233 4277 1263 4324 et

141 4362 351 4417 animalium
370 4362 475 4429 species
494 4376 562 4429 quas
582 4360 802 4430 hieroglyphicas
822 4361 929 4415 litteras
950 4361 1185 4429 appellaverunt“.
