3138 5178
574 511 790 576 ..69-

16 735 17 738 *
122 685 198 751 167
215 707 286 772 sqq.
320 686 390 750 fert
413 686 542 751 animus
566 707 683 752 causas
710 689 886 752 tantarum
908 707 1104 774 expromere
1127 707 1250 768 rerum3

207 790 467 876 immensumque
483 791 636 877 aperitur
649 812 741 877 opus,
758 791 851 877 quid
867 791 906 856 in
924 811 1031 856 arma
1050 791 1250 858 furentem

206 895 435 983 impulerit
457 887 677 982 populum,

122 1004 157 1066 et
181 1000 331 1066 v11718
354 1003 534 1067 cunctas
557 1000 786 1089 impellere
809 1004 968 1088 gentes

207 1127 323 1171 rursus
345 1106 388 1170 in
410 1126 524 1172 arma
546 1110 690 1192 potes,

120 1246 178 1311 ubi
199 1249 314 1312 tamen
337 1267 376 1312 ea
399 1268 453 1312 res
476 1247 580 1312 affert
602 1245 866 1325 dubitationem,
904 1245 994 1332 quod
1025 1245 1093 1311 ism
1126 1245 1204 1312 inde
1226 1268 1250 1311 a

121 1349 281 1417 Cicerone
304 1350 425 1415 tritum
441 1350 628 1416 invenimus
649 1348 710 1432 „ad
726 1349 852 1416 bellum
869 1348 1073 1437 impellere“.
1120 1349 1247 1417 Tamen

123 1458 253 1540 „arma“
278 1477 340 1542 pro
368 1454 495 1536 „bello“
531 1455 676 1520 fortasse
706 1456 840 1542 poetico
872 1455 980 1541 magis
1016 1458 1069 1521 est
1102 1455 1249 1521 tinctum

15 1633 16 1636 Ἴ
121 1559 243 1626 colore.
267 1599 309 1606 -
899 1631 902 1639 ,

15 1673 17 1684 ’
207 1665 400 1731 Proximum
432 1686 546 1730 rursus
580 1685 621 1730 ex
652 1664 714 1730 illa
745 1664 899 1731 Caesaris
932 1659 1085 1732 oratione
1117 1664 1245 1731 totiens

15 1765 16 1820 ἶ
120 1771 380 1836 commemorata
402 1771 544 1835 afferam
565 1769 676 1834 locum
707 1769 895 1855 (V11261),
942 1768 1135 1856 Adscripsit
1158 1769 1246 1835 enim

120 1875 272 1940 Heraeus
302 1874 346 1940 as
368 1873 481 1938 racis
511 1876 616 1940 verba
642 1873 729 1940 nist.
746 1874 803 1939 nr
819 1853 868 1938 73'
897 1875 1112 1961 „inrumpunt
1127 1874 1246 1940 *Vitel-

15 1983 17 2058 }
120 1980 205 2046 liani
228 1982 264 2045 et
286 1981 408 2044 cuncta
430 1978 592 2064 sanguine
615 1978 632 2043 f
640 2001 737 2045 erro
760 1978 1041 2065 flammisque
1064 1979 1246 2045 miscent“:

15 2089 17 2102 '
125 2083 380 2166 „Reminiszenz
404 2104 463 2148 aus
486 2082 604 2150 Livius
628 2083 702 2148 129
739 2106 872 2166 „cursus
904 2106 965 2172 per
994 2086 1113 2150 urbem
1136 2104 1245 2150 arma-
1371 2125 1373 2132 ·

15 2193 16 2232 ³
120 2195 235 2255 torum
267 2189 377 2255 omnia
408 2188 499 2254 ferro
531 2188 730 2274 flammaque
752 2189 909 2271 miscet“‚
944 2192 1052 2268 recte,
1087 2192 1126 2254 ut
1148 2211 1245 2255 nemo
1381 2219 1383 2224 ·

15 2309 16 2316 ’
120 2316 188 2360 non
205 2293 309 2384 videt.
350 2293 415 2360 Sed
432 2315 506 2358 oum
521 2293 638 2360 Livius
655 2292 747 2359 dicat
773 2294 884 2378 „ferro
901 2294 1131 2382 flammaque“,
1156 2293 1246 2382 apud

122 2399 278 2466 Tacitum
311 2398 499 2465 invenimus
537 2397 646 2482 „ferro
680 2399 905 2486 flammisque“
946 2399 1073 2485 plurali
1105 2421 1245 2466 numero

14 2555 15 2590 3
120 2503 265 2586 dictum,
301 2501 390 2589 quod
421 2525 488 2568 non
521 2508 610 2569 esset
640 2503 776 2583 mirum,
811 2503 877 2569 nisi
908 2503 998 2592 apud
1030 2525 1141 2570 omnes
1173 2505 1246 2570 fere

14 2655 15 2686 2
119 2611 258 2696 praeter
288 2608 460 2674 Lucanum
495 2608 543 2693 (et
567 2608 733 2690 Ovidium,
757 2611 797 2673 ut
819 2607 921 2695 paulo
945 2612 1025 2694 post
1045 2607 1245 2692 videbimus)

119 2713 288 2799 singulari
310 2735 450 2780 numero
472 2711 700 2780 inveniremus
731 2713 842 2794 „ferro
866 2713 1096 2800 flammaque“.
1142 2712 1246 2800 Apud

14 2901 15 2906 ἵ
119 2821 254 2886 veteres
288 2818 469 2904 scriptores
505 2818 671 2884 usitatum
704 2821 757 2884 cst
791 2817 901 2901 „ferro
933 2817 1109 2904 ignique“,
1151 2817 1244 2884 cuius

118 2924 230 2990 locum
261 2926 380 3008 postea
412 2923 544 2988 obtinet
574 2921 636 2988 illa
667 2923 800 3009 poetica
822 2923 930 3008 magis
958 2925 1138 2989 verborum
1168 2945 1245 2988 con·

120 3027 251 3094 iunctio
285 3027 527 3094 alliterationis
561 3028 670 3113 figura
710 3027 894 3093 adhibita'
932 3024 1108 3093 Woelfflin
1122 3033 1143 3108 ¹)
1183 3050 1243 3094 nos

119 3133 220 3200 docet
235 3132 400 3219 singulari
416 3155 555 3198 numero
571 3130 756 3204 identidem
772 3153 945 3197 uouemere
960 3135 1075 3197 verba.
1111 3129 1243 3198 Primus

14 3301 15 3304 ,
119 3236 264 3303 Ovidius
286 3237 458 3303 induxisse
480 3235 617 3303 videtur
639 3258 813 3301 numerum
835 3235 1001 3322 pluralem
1025 3235 1244 3318 her.12‚183

162 3367 241 3432 dum
263 3367 281 3432 f
288 3389 428 3433 errum
443 3367 461 3431 f
466 3366 509 3431 la
520 3367 735 3454 mmaeqlue
754 3365 899 3432 aderunt
916 3388 1079 3452 sucusque
1091 3366 1212 3434 veneni

354 3473 462 3538 hostis
486 3470 624 3538 Medeae
647 3469 759 3537 nullus
782 3471 911 3538 inultus
936 3469 1011 3538 erit.
1110 3516 1112 3522 -

177 3597 212 3660 et
234 3596 319 3662 artis
344 3598 446 3661 amat.
469 3595 585 3660 11379
608 3594 827 3660 infernum
850 3593 1135 3681 flammasque
1159 3594 1241 3675 ruit,

117 3720 255 3785 secutus
278 3720 331 3783 est
352 3717 508 3782 Lucanus
531 3716 614 3801 (VII
630 3716 707 3801 261)

184 3861 243 3926 pro
266 3861 319 3905 me
341 3838 489 3924 patriam
510 3839 630 3904 ferro
655 3812 1089 3947 flammisquepetistis
1117 3889 1175 3903 ...

113 3963 218 4048 idque
240 3961 277 4026 in
298 3961 473 4049 praeclara
495 3961 556 4026 illa
580 3960 732 4026 Caesaris
756 3960 909 4026 oratione
932 3939 1089 4026 aTacito
1112 3960 1241 4026 totiens
1313 4041 1315 4046 Ι

113 4066 280 4134 adhibita.
322 4065 466 4153 Repetit
488 4065 666 4133 formulam
689 4065 827 4131 Tacitus
851 4065 940 4128 Ann.
967 4064 1036 4128 lu]
1069 4063 1240 4150 „(Caesar)

211 4282 237 4347 1)
265 4278 374 4332 M'unch.
395 4275 536 4331 Sita-Ber.
559 4280 625 4330 1881
646 4293 673 4344 p.
693 4279 771 4329 5511.
791 4279 824 4329 57
845 4263 930 4345 (llber
956 4274 999 4329 die
1019 4274 1241 4330 alliteriorenderi

113 4365 331 4436 Verbindungen
350 4365 400 4420 der
419 4366 467 4420 lat.
488 4366 630 4435 Sprache).
