3138 5178
582 552 799 618 ..23-

138 735 141 738 ’
201 721 270 796 Ἐκ
285 730 504 796 historiarum
521 729 681 818 exemplis
695 727 939 812 Sallustianum
955 749 1076 815 ponam
1091 729 1127 796 in
1142 729 1253 796 initio.

129 837 223 902 Finis
247 836 370 923 eapitis
395 837 436 902 73
459 835 539 902 libri
568 835 665 901 tertii
699 835 746 900 sie
779 837 847 900 est:
883 833 1011 916 „Fuere
1029 835 1091 922 ,qui
1114 831 1255 924 excepto

129 941 394 1009 Vitellianorum
417 942 523 1029 signo,
558 963 622 1028 quo
645 941 736 1020 inter
760 963 794 1006 se
816 942 1052 1023 noscebantur,
1085 922 1178 1007 ultio
1201 965 1254 1008 ro-

129 1047 281 1133 gitantes
314 1047 600 1134 respondentesve
634 1045 861 1113 audaciam
883 1069 957 1132 pro
980 1046 1157 1113 latebra
1180 1046 1253 1113 ha·

31 1141 33 1148 ¹
129 1154 320 1232 berent‘t,
364 1151 472 1218 Recte
488 1151 640 1218 Heraeus
657 1151 816 1217 admonet
830 1173 891 1216 nos
907 1151 1028 1217 ultima
1043 1154 1149 1218 verba
1168 1174 1254 1218 oom—
1289 1199 1293 1207 .

128 1258 243 1346 posita
278 1280 350 1324 esse
384 1249 563 1323 seeundum
597 1256 684 1322 illud
719 1256 964 1350 Sallustianum
1000 1256 1160 1341 ,audacia
1192 1280 1254 1345 pro
1319 1321 1337 1332 ,,

129 1386 223 1430 muro
248 1363 409 1429 habetur“
436 1362 523 1445 (Cat.
549 1362 614 1445 58),
648 1383 733 1448 quae
756 1346 1060 1448 apudvoontionem
1083 1359 1253 1430 dioit'Ca-

130 1469 242 1534 tilina.
289 1467 364 1552 Sed
389 1490 457 1532 non
488 1467 585 1533 modo
621 1467 763 1554 sumpsit
795 1465 879 1532 haeo
898 1456 1016 1535 'verba
1046 1467 1253 1534 eSallustio

130 1573 281 1653 Tacitus,
308 1571 367 1640 sed
390 1573 494 1638 etiam
517 1572 566 1638 ita
589 1571 737 1637 mutavit
753 1573 789 1638 et
805 1573 1028 1660 exaggeravit
1052 1572 1256 1639 sententiam

130 1678 197 1745 iam
222 1700 242 1744 a
264 1678 429 1744 Sallustio
452 1677 671 1765 metaphorae
694 1677 804 1762 figura
826 1679 950 1760 fiotam,
974 1681 1014 1758 ut
1037 1678 1134 1765 quasi
1155 1699 1253 1767 para-

130 1783 240 1850 doxon
264 1792 462 1850 exoneretur
907 1864 913 1876 ἱ

217 1885 362 1970 Addam,
391 1911 476 1977 quae
500 1911 540 1954 ex
556 1887 635 1954 Livi
658 1887 755 1954 libris
778 1888 926 1975 prompsi
949 1887 1163 1976 exempla-ao
1186 1888 1254 1977 pri·

128 2015 219 2060 mum
242 1993 376 2081 quidem
392 2017 465 2060 oum
479 1994 611 2061 Heraeo
629 1996 665 2077 et
680 1991 857 2060 Andresen
867 1993 890 2078 1)
905 2015 1060 2080 comparo
1075 2016 1124 2060 rea
1140 1996 1253 2073 verba,

130 2101 251 2188 quibus
275 2099 365 2188 apud
386 2100 519 2168 Livium
545 2100 598 2187 ,Sp
625 2099 828 2184 Postumius,
862 2102 982 2164 auctor
1018 2099 1138 2166 foedae
1161 2099 1253 2187 paois

129 2228 204 2272 oum
228 2205 434 2272 Samnitibus
457 2205 579 2286 factae,
611 2205 700 2293 apud
725 2203 881 2270 Tacitum
904 2203 1029 2271 Dillius
1052 2203 1183 2270 Vooula
1206 2204 1253 2272 le·
1311 2218 1313 2223 ’
1357 2286 1362 2291 ,

128 2314 231 2396 gatus
255 2311 427 2378 Romanus
450 2311 573 2377 finiunt
596 2311 785 2377 orationes:

264 2415 338 2484 Liv.
363 2415 416 2481 IX
439 2416 468 2480 8.
483 2416 514 2482 8.

819 2413 896 2501 Tae.
920 2414 1008 2480 Hist.
1032 2413 1084 2480 IV
1108 2415 1159 2481 58,

130 2521 210 2603 Vua,
231 2521 266 2586 di
281 2501 502 2602 immortales,
526 2543 662 2608 precor
704 2611 707 2620 Ι
728 2518 944 2608 'leluppiter
961 2520 1086 2606 optime
1101 2521 1253 2604 maxime,

129 2647 391 2714 quaesoque,
449 2626 485 2692 si
532 2625 657 2694 vobis

128 2730 659 2818 nonfuitoordiSp.Postu-

127 2838 231 2902 mium
249 2837 286 2901 Τ.
297 2834 484 2903 'Veturium
496 2821 658 2903 'eonsules

128 2965 203 3008 oum
245 2941 452 3008 Samnitibus
500 2963 659 3028 prospere

128 3048 254 3114 bellum
276 3069 403 3132 gerere,
429 3050 473 3114 at
495 3070 573 3114 vos
597 3068 659 3112 sa-

128 3153 194 3220 tis
238 3152 444 3220 habeatis
481 3175 557 3219 nos
596 3153 658 3219 vi-

129 3257 248 3324 disse
280 3261 354 3323 sub
387 3258 532 3345 iugum
562 3257 658 3323 mis-

129 3387 212 3446 soS,
248 3362 373 3430 vidisse
406 3364 582 3449 sponsione
608 3364 658 3428 in-

128 3468 211 3535 fami
223 3467 402 3554 obligatos,
419 3463 534 3535 videre
548 3467 655 3534 nudos

128 3574 327 3661 vinctosque
342 3574 497 3640 hostibus
514 3573 655 3656 deditos

128 3701 257 3744 omnem
272 3679 357 3744 iram
369 3678 518 3745 hostium
532 3679 658 3744 nostris

129 3785 296 3872 capitibus
314 3785 536 3872 excipientes;
553 3807 658 3850 novos

127 3889 280 3956 consules
303 3889 519 3976 legionesque
536 3889 657 3955 Roma-

126 4017 188 4061 nas
206 3995 258 4060 ita
275 4017 347 4060 cum
363 3993 514 4061 Samnite
537 4016 656 4081 gerere

126 4099 254 4165 bellum
290 4099 416 4182 velitis,
462 4094 514 4165 ut
547 4100 657 4165 omnia

126 4208 279 4271 antenus
292 4206 443 4271 eonsules
456 4205 544 4290 bella
557 4208 654 4292 gesta

122 4313 217 4376 sunt.

725 2649 822 2713 quem
859 2647 920 2712 per
958 2611 1171 2712 octingentos
1205 2626 1254 2693 vi-

726 2731 816 2816 ginti
847 2749 951 2796 annos
985 2734 1040 2797 tot
1073 2731 1254 2819 triumphis

727 2836 897 2917 coluimus,
937 2838 973 2901 te
1011 2835 1151 2916 Quirine
1188 2819 1275 2903 Ro?

725 2962 844 3008 manae
870 2962 992 3028 parens
1026 2940 1127 3024 urbis,
1161 2964 1254 3029 pre·

726 3069 1082 3135 conveneroque,
1119 3050 1181 3128 ut,
1218 3048 1255 3113 si

726 3153 848 3220 vobis
885 3175 967 3218 non
1005 3151 1094 3217 fuit
1135 3141 1255 3219 cordi

725 3280 776 3323 me
800 3255 882 3323 duee
904 3257 987 3323 haee
1010 3260 1123 3323 eastra
1145 3257 1253 3324 ineor-

725 3367 828 3448 rupta
844 3364 880 3430 et
894 3361 1099 3430 intemerata
1115 3362 1253 3446 servari,

721 3471 767 3533 at
791 3469 913 3533 certe
936 3466 1075 3552 pollui
1098 3466 1253 3534 foeda-

724 3571 1253 3661 riqueaTntoreetClas-

726 3678 877 3744 sicone
894 3677 1067 3744 sinatis:
1088 3677 1252 3746 militibus

724 3784 885 3850 Romanis
925 3788 986 3850 aut
1026 3783 1253 3850 innocentiam

724 3889 812 3956 detis
839 3891 900 3954 aut
931 3891 1101 3955 maturam
1124 3891 1158 3954 et
1182 3889 1253 3955 sine
1317 3930 1318 3934 =

722 4016 811 4060 noxa
832 3994 1088 4095 paenitentiam.

219 4434 246 4504 1)
266 4432 306 4486 Cf.
327 4431 480 4501 Andresen,
502 4432 694 4486 Wooheusohr.
715 4430 735 4486 f.
755 4432 839 4486 klass.
859 4431 928 4486 Phil.
952 4436 1029 4500 1916,
1050 4434 1091 4487 17.
