3138 5178
803 495 1017 564 ..ῃ-

347 693 463 760 pacem
486 693 598 758 agere,
622 671 710 756 dein,
735 672 824 761 quod
847 672 1032 760 quaesitur,
1065 670 1193 738 satisne
1215 671 1317 760 pium,
1346 673 1477 750 tutum,

314 793 316 803 ’
345 775 530 870 gloriosum
553 799 598 844 an
620 776 813 844 indecorum
836 778 913 844 sir.
961 777 1088 844 Tamen
1119 779 1261 845 sormam
1286 776 1477 844 seutentia-

344 892 428 964 rum,
461 881 541 968 quin
564 881 667 948 etiam
691 882 827 970 singula
849 883 956 950 rerba
987 882 1070 948 adeo
1103 882 1294 948 aemulatur
1318 881 1474 962 TacituS,

345 989 385 1052 ut
407 1008 502 1052 nemo
524 991 629 1071 neget
651 989 818 1054 rationem
841 985 1064 1058 intercedere,
1082 987 1175 1054 inter
1197 986 1280 1054 duos
1304 991 1473 1054 auctores

232 1136 235 1144 -
349 1091 434 1157 Tum
458 1093 506 1160 sic
521 1091 597 1158 finit
617 1093 807 1160 orationem
822 1092 979 1159 Tacitus:
1006 1089 1198 1178 „Meliorem
1222 1094 1257 1158 in
1280 1092 1370 1158 bello
1393 1113 1473 1159 cau-

345 1219 414 1264 sam
438 1218 537 1283 quam
559 1197 594 1262 in
618 1219 699 1284 pace
721 1197 879 1264 habemus
887 1221 894 1282 ;
929 1219 1006 1264 nam
1038 1198 1097 1285 qui
1119 1197 1328 1279 deliberant,
1365 1197 1473 1264 desci-

345 1304 501 1386 verunt“,
527 1303 584 1368 ubi
607 1300 872 1369 luculentissime
895 1325 1013 1370 rursus
1037 1305 1183 1391 apparet
1205 1324 1281 1369 eum
1303 1306 1373 1368 tam
1394 1304 1473 1368 bre-

346 1408 444 1474 vibus
468 1411 505 1472 et
527 1407 645 1488 acutia,
670 1410 711 1474 ut
733 1408 783 1474 ita
804 1407 922 1490 dicam,
947 1407 1125 1475 sententiis
1141 1407 1177 1473 in
1191 1406 1257 1478 fine
1273 1408 1472 1492 graviorum

305 1525 308 1533 '
346 1513 455 1599 operis
478 1513 625 1599 partium
648 1513 798 1579 libenter
820 1513 882 1578 uti.
906 1550 950 1561 -

432 1613 612 1684 Laudatur
627 1617 808 1698 Antonius,
833 1617 889 1704 qui
913 1639 1025 1704 pugna
1048 1617 1137 1705 apud
1158 1616 1360 1684 Bedriacum
1383 1615 1469 1682 dom-

346 1723 449 1789 missa
465 1744 625 1788 summam
642 1723 855 1810 praestiterit
870 1723 1051 1790 virtutem:
1076 1721 1179 1808 (Hist.
1196 1721 1251 1788 111
1271 1723 1325 1807 17)
1351 1721 1488 1804 ,Nul-·

344 1828 488 1894 lumin
516 1828 578 1894 illa
606 1827 836 1915 trepidatione
859 1827 1030 1895 Antonius
1059 1827 1314 1894 constantis
1344 1827 1467 1894 ducis

344 1937 421 2000 aut
453 1933 590 1999 fortis
625 1932 792 1998 militis
823 1932 1028 1999 officium
1060 1932 1222 1999 omisit.
1283 1931 1467 1998 Occursare

297 2123 300 2130 .
345 2038 564 2126 parentibus,
598 2038 747 2104 retinere
771 2037 943 2120 cedentes,
975 2039 1033 2103 ubi
1056 2035 1219 2124 plurimus
1241 2036 1354 2119 labor,
1379 2037 1467 2103 unde

345 2143 459 2229 aliqua
482 2165 567 2230 spes,
592 2142 730 2209 consilio
753 2165 853 2231 manu
876 2165 957 2210 voce
980 2143 1122 2230 insignis
1146 2143 1239 2210 hosti
1254 2143 1468 2230 conspicuum

345 2249 446 2314 suis“.
488 2247 671 2334 Exemplar
693 2246 758 2313 loci
781 2250 835 2314 est
854 2246 998 2316 Sallusti
1021 2247 1096 2314 Cat.
1113 2249 1173 2314 6οε
1201 2246 1370 2332 ,Catilina
1393 2271 1466 2313 cum

345 2352 512 2440 expeditis
534 2351 577 2436 iu¹
592 2352 700 2439 prima
721 2353 793 2419 acie
818 2353 961 2433 versari,
993 2353 1229 2420 laborantibus
1262 2375 1465 2434 succurrere,
1552 2323 1553 2386 l

228 2525 230 2530 ,
343 2457 496 2544 integros
520 2480 580 2544 pro
605 2457 727 2522 sauciis
751 2479 939 2540 accersere,
964 2458 1075 2524 omnia
1097 2457 1295 2546 providere,
1324 2456 1465 2523 multum

343 2563 415 2649 ipse
439 2583 600 2649 pugnare,
626 2583 726 2649 saepe
748 2560 878 2629 hostem
894 2562 1013 2646 ferire5
1038 2563 1215 2647 strenui
1237 2563 1399 2629 militis
1423 2570 1465 2630 et

342 2667 442 2733 boni
464 2667 754 2762 imperatoris
778 2667 934 2734 officia
960 2667 1087 2734 simul
1110 2670 1463 2756 exsequebatur“.

341 2772 417 2838 Iam
448 2772 550 2840 velim
574 2772 749 2838 admireris
774 2772 887 2842 Taciti
918 2775 1044 2840 artem:
1079 2773 1165 2840 hauc
1193 2773 1348 2839 ultimam
1370 2795 1465 2860 prae·
1551 2771 1552 2784 ¹

342 2876 468 2944 claram
500 2877 719 2960 sententiam,
753 2899 819 2964 qua
849 2878 992 2944 maxime
1025 2878 1240 2945 manifestum
1269 2878 1369 2944 fieret
1392 2900 1465 2944 aum

212 3051 215 3063 Ι
342 2981 473 3049 imitari
496 2979 711 3063 Sallustium,
746 2982 782 3048 iu
813 2982 922 3070 prima
951 2982 1066 3070 posuit
1097 2982 1333 3070 descriptione.
1381 2981 1466 3052 Tum

342 3109 432 3154 vero
451 3084 607 3154 Sallustii
630 3085 661 3152 ei
684 3086 719 3150 in
748 3091 893 3154 mentem
917 3086 1244 3156 venit'narrationis
1274 3087 1371 3154 acsi
1399 3110 1465 3154 non

283 3229 287 3237 ·
341 3191 415 3278 ipsa
437 3193 551 3274 verba,
576 3194 615 3257 at
638 3193 754 3258 tamen
776 3189 920 3258 formam
943 3197 1064 3280 atque,
1096 3197 1136 3260 ut
1158 3192 1210 3259 ita
1232 3192 1357 3277 dicam,
1391 3193 1464 3278 ἧῦος

342 3296 550 3362 narrationis
574 3299 788 3384 sequebatur.
1280 3358 1285 3370 ,

429 3400 602 3468 Narratur
625 3399 788 3487 Capitolii
809 3399 1016 3484 incendium,
1051 3401 1145 3467 ouius
1178 3405 1335 3469 auctores
1368 3406 1464 3470 eraut

342 3505 409 3593 ipsi
442 3505 568 3572 milites
598 3505 758 3588 Romani,
795 3508 868 3572 tum
900 3504 952 3572 his
986 3506 1096 3574 verbis
1129 3506 1248 3594 incipit
1279 3508 1464 3595 proximum

343 3614 461 3704 caput:
497 3609 600 3696 (Hist.
624 3609 757 3696 11172)
794 3609 864 3692 ,Id
894 3610 1073 3678 facinus
1104 3618 1209 3699 post
1241 3613 1463 3679 conditam

342 3718 492 3782 urbem
526 3715 898 3782 luctuosissimum
929 3716 1314 3805 foedissimumque
1336 3709 1388 3784 rei
1408 3741 1462 3806 pu·
1549 3719 1550 3732 *

343 3820 452 3888 blicae
482 3819 599 3908 populi
621 3819 766 3886 Romani
799 3820 923 3887 accidit
954 3821 1049 3887 nullo
1082 3825 1224 3890 externo
1253 3822 1352 3890 hoste
1376 3825 1461 3905 ...“,

344 3925 433 4012 quod
462 3926 620 3992 imitatur
652 3924 896 3991 Sallustianum
927 3925 1003 3994 cat.
1021 3928 1110 4010 18,8
1144 3927 1288 4015 ,quodni
1319 3927 1464 3998 Catilina

277 4058 279 4062 ¹
343 4034 554 4098 maturasset
583 4053 646 4118 pro
679 4031 774 4098 curia
806 4032 938 4119 signum
961 4033 1060 4100 sociis
1084 4033 1181 4114 dare,
1217 4055 1256 4100 eo
1286 4032 1340 4100 die
1369 4037 1462 4122 post

344 4136 563 4204 conditam
585 4137 730 4204 urbam
751 4137 919 4203 Romam
942 4159 1180 4224 pessumum
1203 4138 1376 4206 facinus
1410 4159 1462 4227 pa·

343 4245 474 4308 tratum
497 4242 621 4308 ioret“.
645 4281 688 4292 -
710 4241 804 4309 Dicit
828 4243 933 4310 Cotta
954 4242 991 4308 in
1014 4244 1166 4310 oratione
1197 4239 1287 4331 apud
1309 4243 1464 4331 populum

343 4348 533 4414 Romanum
551 4346 671 4414 habita
695 4345 789 4429 (Sall.
807 4347 896 4414 Hist.
913 4347 950 4414 11
965 4348 1038 4432 47);
1066 4347 1203 4434 ,Neque
1225 4370 1287 4434 ego
1312 4347 1464 4415 callidam
