3138 5178
747 513 966 578 ..30-

302 688 475 776 voluptati
498 689 600 756 detur
622 687 769 776 aliquid,
806 691 880 754 tum
910 689 1017 754 affert
1038 688 1145 754 verba
1165 685 1264 752 modo
1287 707 1427 752 comme·

249 839 252 848 ,
301 797 444 860 morata.
490 794 564 860 lam
580 816 653 860 cum
669 793 809 860 Tacitus
826 788 863 860 et
878 791 1107 881 Quintilianus
1129 793 1316 878 praebeant
1333 791 1426 858 inter

302 921 337 964 se
360 897 529 986 quandam
551 898 814 980 similitudinem,
843 901 989 984 uterque
1011 899 1190 984 praeterea
1211 895 1337 962 habeat
1358 895 1426 960 Lu-

301 1005 377 1069 cani
403 1003 548 1086 „hirtam
570 1007 723 1089 togam“,
746 1001 974 1091 quaerendum
997 1007 1067 1084 est,
1097 1023 1182 1088 quae
1205 1001 1297 1068 ratio
1318 1000 1426 1067 inter-

303 1107 403 1175 cedat
425 1109 517 1176 inter
540 1113 706 1175 auctores.
746 1107 995 1195 Respexeritne
1009 1106 1150 1174 Tacitus
1167 1093 1426 1188 Quintilianum,

192 1212 194 1218 ’
235 1252 257 1266 ι.
301 1213 537 1280 difficillimum
560 1216 613 1279 est
635 1212 841 1294 diiudicata,
872 1212 963 1300 quod
983 1212 1160 1293 nescimus,
1183 1233 1249 1298 quo
1271 1215 1428 1298 tempora

301 1318 349 1384 sit
381 1317 583 1404 compositus
608 1317 783 1402 Dialogus.
822 1317 956 1405 'Neque
989 1317 1103 1382 altera
1134 1339 1176 1383 ex
1207 1320 1308 1402 parte
1338 1338 1356 1382 e
1386 1337 1428 1381 re

302 1443 423 1507 cogere
458 1444 633 1510 possumus
667 1421 823 1487 Tacitum
858 1443 930 1488 esse
963 1421 1134 1488 imitatum
1166 1420 1426 1501 Quintilianum,

303 1527 381 1613 quia
405 1549 501 1592 suum
522 1526 632 1593 locum
655 1525 787 1592 inducit
809 1525 1043 1607 Quintilianus
1067 1525 1212 1612 exempli
1234 1525 1319 1608 loco,
1351 1547 1427 1590 cum

302 1630 442 1697 Tacitus
466 1630 627 1698 similibus
649 1634 770 1698 utatur
791 1631 914 1711 verbis,
939 1635 977 1695 ut
993 1630 1100 1718 ipsam
1122 1631 1310 1696 orationem
1328 1629 1429 1716 quasi

302 1735 378 1802 vita
401 1738 437 1802 et
460 1735 583 1822 spiritu
613 1735 802 1823 praeditam
834 1735 943 1820 fingat
971 1739 1007 1802 et
1028 1739 1125 1802 veste
1149 1734 1279 1801 induat.
1325 1734 1428 1800 Deui-

302 1862 368 1928 que
389 1840 580 1906 coniectare
602 1863 776 1928 possumus
800 1843 836 1906 et
858 1839 1014 1906 Tacitum
1039 1844 1075 1906 et
1098 1839 1345 1922 Quintilianum
1368 1839 1428 1904 ad·

302 1945 420 2011 hibere
441 1945 631 2026 Lucanum,
666 1945 755 2031 quod
777 1945 887 2031 ipsum
917 1948 1062 2012 nonest
1091 1945 1313 2026 verisimile,
1350 1967 1430 2010 oum

303 2054 445 2136 uterque
475 2049 643 2116 translate
676 2049 816 2115 eandem
847 2049 1007 2115 adhibeat
1037 2049 1227 2136 imaginem.
1278 2049 1335 2116 Sic
1356 2049 1428 2116 for-

302 2160 395 2222 tasse
418 2158 512 2222 recte
534 2154 728 2231 iudicamus,
753 2154 783 2220 si
804 2157 961 2240 putamus
986 2163 1168 2242 utrumque
1190 2155 1360 2242 respicere
1383 2155 1428 2220 si-

302 2260 383 2328 mile
415 2258 599 2346 quoddam,
635 2260 725 2346 quod
756 2265 831 2326 erat
862 2258 1034 2345 proprium
1065 2280 1104 2325 ao
1136 2259 1274 2326 solitum
1303 2259 1428 2326 scholis

201 2405 205 2412 ·
303 2365 526 2453 eloquentiae.
559 2364 665 2430 Hirta
688 2365 837 2430 fortasse
859 2364 921 2430 illa
937 2363 1077 2431 Catonis
1100 2367 1182 2452 toga
1204 2364 1296 2430 inter
1313 2387 1428 2431 omnes

303 2471 371 2536 iam
393 2471 477 2536 nota
499 2469 596 2554 quasi
618 2468 652 2539 in
674 2469 892 2557 proverbium
915 2469 1057 2535 abierat.

392 2583 573 2669 Hucusque
605 2583 735 2648 contuli
766 2583 893 2665 omnia,
928 2605 1015 2669 quae
1038 2587 1139 2650 erant
1160 2583 1281 2650 idonea
1305 2583 1349 2648 ad
1372 2583 1431 2650 de-

305 2686 560 2754 monstrandam
576 2685 631 2752 vel
647 2685 851 2753 fulciendam
874 2709 947 2752 eam
963 2687 1177 2770 sententiam,
1202 2709 1267 2776 qua
1291 2690 1430 2754 conten·

305 2792 414 2857 dimus
430 2791 521 2856 inter
536 2794 700 2872 auctores
725 2814 807 2878 quos
829 2791 1012 2859 identidem
1035 2792 1248 2880 respiciebat,
1273 2792 1432 2858 Tacitum

305 2896 458 2964 babuisse
482 2895 585 2962 etiam
608 2896 788 2961 Lucanum.
834 2896 977 2979 Restat,
1008 2901 1049 2964 nt
1071 2898 1106 2962 in
1130 2901 1284 2964 extrema
1306 2896 1430 2963 disser-

304 3000 515 3067 tatiunoulae
537 3003 636 3094 parte
659 3000 770 3066 omnia
798 3001 955 3087 colligam
988 3001 1151 3088 exempla,
1185 3024 1271 3088 quae
1295 3002 1431 3068 etiamsi
1522 3007 1524 3014 '

304 3106 477 3172 simillima
494 3127 573 3184 esse
595 3105 769 3201 videntur,
798 3115 911 3172 tamen
935 3106 1036 3172 simili
1058 3107 1205 3174 dictione
1229 3107 1286 3174 vel
1307 3129 1430 3174 narra·

303 3212 397 3278 tione
420 3209 565 3278 alterius
589 3210 737 3276 auctoris
761 3210 888 3278 collata
910 3211 997 3277 fiunt
1020 3210 1123 3278 dubia
1144 3211 1201 3278 vel
1222 3210 1431 3294 refutantur,

166 3317 170 3326 '
305 3339 379 3382 oum
402 3317 551 3381 autnon
575 3313 794 3395 diiudicetur,
828 3315 917 3380 unde
940 3317 1044 3382 verba
1074 3317 1256 3402 sumpserit
1278 3317 1431 3400 Tacitus,

273 3426 275 3428 ’
303 3425 367 3486 aut
390 3423 556 3506 appareat
579 3441 655 3485 eum
675 3419 763 3499 illos,
787 3443 854 3486 non
875 3420 1048 3486 Lucanum
1071 3421 1249 3508 respicere.

394 3534 469 3600 Iam
484 3555 585 3620 supra
602 3536 644 3620 (p.
659 3525 701 3598 35
712 3537 773 3620 sq.)
791 3533 895 3601 attuli
909 3534 1026 3615 locum,
1043 3558 1109 3622 quo
1125 3535 1160 3600 in
1176 3537 1315 3624 syntaxi
1330 3557 1433 3623 quam

307 3639 424 3705 dicunt
447 3641 628 3704 verborum
652 3638 790 3704 Tacitus
813 3643 947 3706 secutus
974 3639 1056 3704 mihi
1077 3640 1215 3708 videtur
1238 3640 1431 3724 Lucanum

305 3744 358 3810 illi
377 3767 508 3832 oppono
525 3743 600 3825 duo,
624 3765 710 3831 quae
726 3745 859 3810 etiamsi
874 3729 980 3831 primo
997 3750 1138 3833 aspectu
1153 3747 1343 3833 probabilia
1357 3769 1432 3814 esse

306 3850 478 3932 videntur,
511 3872 589 3916 mox
621 3872 740 3935 parum
758 3850 892 3916 idonea
920 3850 1178 3936 intelleguntur.
1231 3851 1318 3918 Nam
1340 3851 1435 3939 quod

307 3955 446 4022 Tacitus
470 3956 552 4023 dicit
575 3957 757 4022 annisa
784 3979 844 4040 ,ne
876 3957 990 4025 hostes
1022 3957 1157 4043 quidem
1191 3958 1436 4044 sepultura

306 4061 548 4143 invident“,
574 4061 728 4128 Lucanus
752 4061 905 4128 V11798

372 4217 554 4286 invidet
576 4219 680 4306 igne
704 4220 807 4306 rogi
829 4220 1011 4286 miseris
1036 4219 1194 4308 caeloque
1218 4221 1353 4288 nocenti

371 4324 500 4410 ingerit
523 4324 725 4406 Emathiam,
