3138 5178
576 515 793 580 ...74-

23 684 43 724 ²³
120 675 282 773 meretur,
299 693 382 777 quot
393 689 505 757 clades
517 690 659 778 populus
670 691 841 759 Romanus
857 693 925 760 iam
940 694 1108 782 acceperit
1126 717 1147 762 a
1163 695 1249 763 Ger·

27 877 30 886 ³
119 793 238 860 manis.
284 795 361 861 Non
384 817 454 862 esse
476 794 615 862 idoneas
638 795 699 864 has
724 796 836 864 clades
852 797 910 864 ad
932 799 1158 868 accendendos
1182 802 1249 869 Ro-

13 898 37 928 l‘
119 921 295 966 manorum
326 899 464 968 animos.
516 901 600 967 Tum
640 901 755 969 deesse
787 903 878 990 apud
910 904 1064 970 Tacitum
1095 909 1246 990 verbum,

120 1004 211 1090 quod
244 1004 447 1092 respondeat
471 1005 597 1072 Lucani
626 1010 773 1090 „actus“,
807 1007 895 1075 unde
918 1009 1021 1095 sequi,
1054 1012 1094 1076 ut
1116 1010 1248 1099 duplice

118 1132 257 1176 munere
268 1110 434 1196 fungatur
446 1113 585 1211 verbum
598 1113 849 1200 ,urgentibus“,
865 1135 940 1197 uno,
959 1137 1023 1201 quo
1040 1115 1249 1202 exprimatur

15 1215 36 1280 b
119 1214 195 1282 fata
229 1239 352 1302 urgere
383 1213 588 1300 Germanos,
628 1217 753 1294 altero,
793 1218 881 1305 quod
916 1220 1076 1307 exprimit
1108 1223 1247 1289 verbum

6 1323 30 1385 t?
119 1315 256 1402 „actus“
276 1320 366 1408 apud
379 1321 557 1388 Lucanum.
597 1321 685 1406 „Das
702 1322 814 1390 macht
830 1322 884 1390 die
898 1323 1065 1391 Parallele
1081 1325 1247 1392 zwischen

6 1431 17 1490 l
118 1425 241 1494 Lukan
264 1426 331 1492 und
348 1426 487 1495 Tacitus
511 1451 548 1494 so
572 1428 798 1517 kompliziert,
822 1428 888 1494 dass
911 1451 946 1495 es
971 1429 1054 1495 doch
1078 1430 1168 1499 wohl
1190 1453 1246 1517 ge·

11 1561 19 1598 r
117 1533 256 1622 ratener
277 1532 334 1615 ist,
359 1556 424 1599 von
447 1533 503 1599 ihr
526 1533 715 1601 abzusehen
739 1533 807 1599 und
831 1532 890 1600 das
907 1533 1052 1600 Vorbild
1076 1535 1136 1602 der
1152 1536 1247 1603 Taci-

5 1642 29 1704 :3
119 1636 270 1704 teischen
293 1635 476 1725 Wendung
508 1639 545 1704 in
579 1638 657 1704 den'
682 1638 756 1704 drei
793 1637 908 1724 liingst
945 1638 1245 1726 herangezogenen

5 1773 19 1812 r
117 1741 364 1810 Liviusstellen
389 1767 431 1808 zu
454 1743 593 1824 suchen,
629 1766 680 1812 wo
704 1743 768 1810 wir
801 1747 945 1830 urgente
969 1745 1043 1810 fato
1077 1745 1158 1811 oder
1189 1768 1243 1812 ur·

19 1876 30 1917 ῑ,
119 1847 278 1932 gentibus
302 1848 385 1915 fatis
409 1849 534 1929 lesen“,
560 1871 642 1937 quos
664 1846 756 1915 locos
774 1848 870 1914 modo
886 1849 1092 1915 rettulimus.
1133 1850 1245 1932 Quare

4 1987 24 2044 t:
123 1953 342 2041 ,urgentibus
374 1954 505 2042 imperii
536 1954 640 2020 fatis“
675 1953 763 2020 idem
787 1976 859 2020 esse
889 1958 992 2041 atque
1027 1954 1244 2041 ,urgentibus

2 2067 25 2130 :r'
122 2058 297 2146 imperium
322 2057 435 2142 fatis“,
461 2059 676 2126 referendum
708 2059 816 2144 igitur
846 2080 918 2124 esse
941 2057 1051 2124 fatum
1075 2058 1120 2125 ad
1142 2060 1245 2146 impe·

3 2209 17 2236 ,ἱ
119 2163 205 2228 rium
228 2163 433 2230 Romanum:
461 2164 615 2247 „iiberall
636 2165 693 2231 bei
708 2164 846 2230 Tacitus
868 2162 938 2228 und
950 2163 1083 2250 Vergil,
1107 2186 1160 2233 wo
1183 2165 1246 2236 wir

9 2279 17 2341 ἵ
118 2266 226 2334 fatum
251 2269 333 2335 oder
355 2270 430 2336 fata
452 2270 515 2337 mit
537 2271 645 2336 eincm
660 2269 802 2337 Genitiv
825 2268 1021 2338 verbunden
1044 2269 1165 2351 finden,
1189 2271 1244 2336 be·

120 2373 274 2440 zeichnet
303 2374 412 2442 dieser
435 2375 567 2456 Kasos,
603 2398 702 2444 wenn
732 2396 810 2441 man
841 2396 908 2441 von
931 2373 1155 2461 Wendungen
1178 2375 1244 2443 wie

3 2493 18 2553 ,ςζ
119 2479 194 2544 fata
217 2479 330 2561 deum,
360 2479 436 2546 fata
457 2481 550 2547 Iovis
574 2480 722 2562 absieht,
747 2478 914 2566 disjenige
937 2478 1081 2562 Person,
1106 2478 1160 2546 die
1181 2480 1242 2547 das

4 2621 15 2654 τ
120 2581 294 2650 Sohicksal
324 2586 447 2652 trifft“.
493 2585 549 2652 Ad
580 2585 741 2667 alterum,
779 2583 868 2671 quod
897 2583 1030 2671 profert
1052 2583 1241 2670 Andresen,

1 2729 13 2768 ,ς
122 2694 357 2773 argumentum
380 2690 442 2756 hoc
464 2690 595 2773 addam,
620 2690 778 2756 Taciteac
801 2689 967 2756 brevitati
990 2689 1080 2756 haud
1098 2689 1244 2757 alienum

123 2791 276 2860 futurum
299 2785 414 2878 luisse,
441 2795 470 2861 si
493 2795 661 2863 omisisset
685 2797 824 2862 verbum
850 2796 984 2879 „actus“
1010 2794 1144 2862 etiamsi
1160 2795 1242 2861 alio·

3 2933 15 2976 2,
121 2897 202 2984 quin
224 2901 430 2988 respexisset
447 2901 626 2967 Lucanum.
672 2899 739 2966 Sed
761 2901 797 2965 in
819 2900 1012 2966 universnm
1034 2899 1108 2986 ipsa
1130 2900 1178 2967 sic
1201 2900 1242 2968 de

118 3004 181 3070 hoc
204 3008 240 3071 et
262 3005 426 3073 similibus
448 3006 532 3073 locis
555 3007 682 3072 iudico:
709 3005 870 3074 Videmus
894 3005 1020 3072 dictum
1043 3005 1133 3072 haud
1155 3028 1241 3072 com-

2 3130 8 3168 ῑ
119 3133 217 3177 mune
233 3110 421 3197 aVergilio
437 3111 613 3179 inventum
630 3110 812 3177 transferri
828 3110 870 3176 ad
886 3132 953 3191 eos,
970 3111 1028 3197 qui
1043 3114 1241 3197 sequuntur,

119 3218 292 3310 auctores,
327 3216 368 3282 cf.
397 3216 496 3303 Verg.
521 3215 607 3282 Aen.
630 3215 747 3281 11653
777 3215 905 3301 (agitur
933 3212 974 3281 de
997 3214 1116 3282 Aenea
1144 3214 1241 3280 domo

118 3319 272 3406 profuge,
297 3343 395 3409 quem
416 3329 571 3388 moratur
588 3321 751 3387 Anchises
774 3323 893 3407 pater;
916 3319 946 3385 is
970 3318 1056 3386 enim
1078 3322 1183 3406 negat
1207 3342 1242 3386 se

118 3424 287 3491 domicilio
311 3449 370 3492 suo
395 3449 467 3494 esse
491 3425 731 3512 excessurum):

139 3571 199 3614 nos
223 3553 344 3616 eontra
367 3550 467 3616 effusi
490 3550 637 3617 lacrimis
662 3549 870 3636 coniunxque
894 3546 1022 3615 Creusa

141 3654 373 3742 Ascaniusque
398 3655 503 3721 omnis
528 3655 654 3738 domus,
678 3677 720 3720 ne
742 3657 879 3720 vertere
903 3675 1014 3720 seeum

140 3764 261 3826 cuncta
277 3763 376 3846 pater
399 3760 585 3852 fatoque
606 3758 821 3848 urguenti
844 3758 1034 3826 incumbere
1052 3757 1157 3825 vellet
1169 3758 1201 3845 1),

119 3903 217 3967 quem
245 3882 401 3948 ultimum
432 3905 567 3949 versum
591 3882 639 3949 sio
662 3866 812 3969 explicat
833 3859 1013 3968 Forbiger:
1046 3880 1140 3948 ultro
1165 3903 1240 3968 ope-

117 4007 190 4051 ram
206 3983 295 4070 dare,
320 3991 358 4054 ut
381 3988 488 4074 magis
512 3988 613 4054 etiam
634 3991 765 4074 urgeat,
789 3987 930 4075 ideoque
954 3986 1139 4053 instantem
1163 4008 1240 4074 per-

210 4165 235 4232 1)
263 4163 304 4217 Ct'.
327 4164 405 4231 l'erg.
424 4164 493 4218 Aen.
512 4163 538 4216 X
556 4167 609 4218 624
636 4163 703 4218 tolle
731 4163 797 4231 fuga
816 4162 938 4218 Turnum
965 4168 1048 4230 atque
1073 4162 1239 4216 instantibus

676 4254 752 4322 eripe
770 4253 845 4321 fatis,

495 4342 533 4396 Xl
553 4346 613 4410 587,
632 4342 699 4397 fatis
718 4349 832 4414 urgetur
850 4343 966 4397 acerbis.
