3138 5178
591 524 806 588 ..71-

225 695 306 762 Cum
323 695 366 763 ad
382 717 464 777 eam,
485 719 551 784 qua
566 698 791 765 incertissima
806 699 862 765 vel
877 699 964 766 falso
981 697 1089 766 allata
1104 700 1259 788 exempla

133 803 360 885 continentur,
385 801 540 868 accedam
563 803 714 891 opusculi
737 807 887 890 partem,
912 804 1057 891 primum
1087 827 1142 872 eos
1164 803 1256 872 locos

133 910 308 990 tractabo,
343 930 426 997 quos
457 908 524 974 iam
547 907 740 974 attulerunt
763 912 1057 991 commentatores,
1088 913 1159 975 tum
1183 909 1259 997 ipsa

133 1034 237 1079 unum
260 1013 449 1081 alterumve
471 1013 652 1101 proferam.

224 1117 281 1184 Ad
304 1119 392 1184 Hist.
415 1119 491 1185 159
524 1123 579 1202 ,et
601 1123 699 1185 erant
730 1119 767 1184 in
797 1119 939 1186 civitate
961 1119 1152 1206 Lingonum
1181 1123 1258 1204 octo

135 1225 349 1290 Batavorum
377 1225 550 1306 cohorteS,
585 1227 728 1311 quartae
760 1224 916 1290 decumae
946 1224 1089 1310 legionis
1119 1225 1257 1306 auxilia,

134 1334 209 1397 tum
233 1329 402 1397 discordia
424 1333 615 1416 temporum
637 1351 658 1395 a
680 1328 814 1416 legione
836 1329 1017 1416 digressae,
1042 1333 1143 1416 prout
1163 1329 1258 1395 incli-

134 1445 287 1518 nassent,
309 1435 475 1524 grande
498 1443 750 1500 momentum
774 1434 882 1500 sociae
906 1438 967 1500 aut
985 1435 1166 1502 adversae“
1192 1435 1259 1502 iam

134 1542 272 1629 Lipsius
296 1542 489 1608 contulerat
510 1539 591 1607 Luc.
614 1536 667 1606 IV
683 1541 748 1606 819

252 1690 590 1769 momentumque
612 1681 682 1747 fuit
704 1684 856 1748 mutatus
882 1681 985 1748 Curio
1009 1704 1129 1746 rerum.

136 1824 296 1891 Curemus
318 1827 411 1890 certo
434 1826 645 1912 argumento,
669 1845 735 1909 quo
758 1822 877 1888 docere
900 1822 1064 1910 possimus
1087 1821 1280 1886 Lucanum.

135 1929 295 1996 hocloco
320 1929 490 2016 exemplar
521 1928 627 1994 fuisse
650 1927 778 2007 Taciti,
813 1927 1015 2014 praesertim
1047 1948 1121 1991 cum
1154 1927 1261 1991 verba

140 2034 288 2122 „grande
304 2037 526 2100 momentum“
553 2033 684 2120 saepius
709 2036 892 2098 occurrunt
913 2030 1003 2118 apud
1016 2030 1171 2097 Tacitum
1181 2029 1215 2112 ¹).

225 2157 282 2222 Ad
304 2155 433 2222 Luceni
451 2155 503 2221 VI
520 2156 584 2221 270
607 2155 755 2222 effuso
779 2153 877 2221 laxat
900 2155 1053 2220 tentoria
1076 2174 1217 2239 campo

138 2266 175 2328 et
196 2261 285 2327 VIII
302 2263 365 2326 368
379 2282 448 2347 sqq.
538 2260 685 2327 Parthus
706 2283 768 2348 per
792 2259 922 2326 Medica
945 2279 1025 2327 rura

204 2365 407 2434 Sarmaticos
429 2368 522 2432 inter
546 2387 678 2453 campos
702 2365 936 2452 effusaque
959 2364 1059 2450 plano

126 2555 129 2562 Ι
206 2472 354 2559 Tigridis
378 2494 484 2540 arva
508 2471 579 2538 solo
602 2470 688 2536 nulli
704 2469 904 2556 superabilis
927 2455 1095 2535 hosti‘est

203 2577 365 2643 libertate
389 2576 491 2662 fugae

136 2697 287 2766 Haskins
317 2700 450 2766 confert
473 2699 585 2764 Taciti
608 2698 721 2765 Germ.
747 2699 789 2764 30
823 2695 935 2778 „ultra
964 2695 1024 2761 hos
1049 2693 1168 2761 Chatti
1197 2691 1260 2757 iui-

136 2805 224 2872 tium
247 2805 334 2870 sedis
356 2807 399 2870 ab
421 2804 594 2889 Hercynio
618 2802 712 2888 saltu
735 2802 910 2884 inchoant,
934 2801 1073 2868 nonita
1096 2799 1261 2865 effusis
1311 2797 1314 2803 ’

137 2932 178 2977 ac
193 2909 401 2996 palustribus
417 2901 508 2986 locis,
530 2911 570 2973 ut
585 2912 719 2974 ceterae
734 2907 904 2990 civitates,
926 2907 964 2972 in
979 2928 1063 2994 quas
1078 2903 1262 2970 Germania
1296 2928 1299 2933 ·

138 3013 317 3101 patescit“,
340 3013 400 3080 ubi
421 3013 557 3080 insolite
575 3011 701 3078 dictum
717 3035 788 3078 esse
815 2995 978 3096 „effusus“
1005 3010 1047 3076 de
1062 3010 1144 3075 locis
1161 3009 1262 3094 longe

138 3119 387 3224 pertinentibus
411 3118 563 3185 concedo.
588 3157 630 3165 —
653 3117 709 3182 Ad
727 3116 808 3182 Luc.
824 3116 858 3180 X
873 3117 937 3181 358
950 3136 997 3201 sq.
1023 3115 1063 3180 de
1080 3109 1263 3200 Cleopatra
1343 3138 1347 3146 ’

139 3223 285 3290 dictum:
481 3227 484 3230 ’

204 3385 282 3430 uam
305 3365 405 3430 Latio
428 3365 495 3428 iam
517 3366 625 3450 nupta
647 3361 724 3428 duci
747 3366 808 3442 est,
840 3362 997 3447 interque
1019 3358 1160 3425 maritos

207 3469 394 3536 discurrens
417 3471 605 3555 Aegypton
626 3466 731 3566 habet
753 3467 960 3552 Romamque
983 3467 1195 3544 meretur,

141 3739 262 3793 misisset
281 3740 362 3806 acies,
382 3739 575 3807 properantius
596 3739 621 3792 ei
640 3737 795 3792 clauderem
815 3737 927 3805 plagas,
956 3751 1006 3804 per
1026 3751 1093 3802 quas
1113 3733 1265 3786 animam

140 3828 287 3896 largior
306 3830 459 3896 sanguis
479 3830 679 3896 egereret“.

234 3929 258 3994 1)
278 3927 413 3995 Imprimis
433 3925 518 3980 affero
538 3927 627 3980 Germ.
641 3929 684 3993 25,
695 3929 724 3978 9:
747 3925 855 3994 „liberti
873 3939 928 3976 non
948 3923 1061 3974 multum
1074 3935 1159 3989 supra
1171 3934 1265 3973 servos

140 4021 214 4082 sunt,
233 4031 297 4069 raro
316 4015 428 4083 aliquod
441 4022 603 4070 momentum
623 4016 651 4067 in
670 4013 758 4082 domo,
778 4029 915 4080 uunquam
929 4013 957 4064 iu
971 4010 1107 4077 civitate“,
1126 4009 1174 4064 ubi
1186 4009 1265 4076 ipsae

140 4119 276 4172 personae
295 4106 355 4158 loco
375 4104 504 4172 ponderis
524 4109 602 4172 sunt,
631 4119 692 4156 cum
717 4103 867 4170 simplicius
888 4102 938 4168 sit,
967 4099 1040 4166 quod
1066 4098 1133 4151 dicit
1152 4098 1264 4150 Tacitus

140 4193 214 4246 Hist.
233 4193 260 4246 II
273 4197 322 4248 86:
356 4194 542 4262 „Labantibus
568 4193 674 4246 Vitellii
701 4193 783 4246 rebus
811 4193 996 4260 Vespasianus
1025 4194 1134 4244 secutus
1160 4184 1265 4255 grande

140 4292 305 4336 momentum
319 4282 450 4349 addidit“‚
464 4281 551 4347 idest,
566 4281 673 4350 pondus
686 4280 714 4334 in
725 4282 830 4334 trutina
843 4281 942 4348 posuit,
957 4284 988 4331 ut
1001 4275 1264 4346 explicautGerber-

139 4369 227 4424 Graes
243 4371 504 4442 (Tacitus-Lexikou
523 4387 587 4425 av.
608 4370 791 4439 momentum).
