3138 5178
664 455 968 560 '-4o-

303 670 505 736 sententiam
530 689 603 736 esse
631 667 834 736 simillimam
859 691 989 748 aarum,
1024 691 1106 755 quas
1136 667 1233 734 modo
1265 691 1283 733 e
1306 669 1427 734 Tacito

302 777 338 842 et
361 773 496 841 Lucano
520 775 708 841 attulimus.
755 773 882 840 Tamen
904 776 940 839 et
962 773 1037 861 ipsa
1058 795 1131 840 cnm
1153 795 1259 840 naxus
1292 775 1426 860 senten-

302 879 427 946 tiarum
451 880 497 946 sit
521 879 665 946 similior
688 879 779 944 inter
794 877 949 944 Tacitum
974 881 1009 944 et
1033 878 1213 956 Lucanum,
1236 901 1311 944 cum
1334 881 1426 945 uter-

302 1006 368 1072 que
390 983 483 1050 ultro
508 985 695 1058 orationem
717 983 770 1050 his
792 982 898 1049 isdem
920 983 994 1049 fere
1010 983 1120 1049 verbis
1138 981 1345 1064 exordiatur,
1369 982 1427 1048 de-

211 1121 214 1126 ·
299 1090 400 1177 nique
424 1113 497 1156 cum
520 1090 621 1176 plura
643 1088 792 1156 eiusdem
815 1088 980 1154 orationis
999 1088 1092 1155 dicta
1107 1089 1261 1154 imitetur
1277 1087 1426 1170 Tacitus,

273 1194 389 1274 ¹hunc
421 1198 571 1263 secutum
603 1217 675 1260 esso
698 1194 869 1260 Lucanum
902 1216 973 1259 cum
997 1193 1267 1260 Reitzensteinio
1297 1217 1427 1276 censeo,

301 1299 431 1367 Lucani
452 1323 534 1367 vero
557 1299 686 1365 fontem
709 1299 800 1365 haud
823 1298 923 1364 dubie
945 1321 1016 1365 essa
1038 1299 1181 1364 Livium.

376 1405 478 1470 'Tum
499 1429 566 1472 non
588 1427 675 1490 nego
700 1427 742 1470 ex
764 1404 911 1471 eiusdem
937 1404 1101 1470 orationis
1124 1427 1156 1470 v.
1172 1403 1243 1470 ,343

356 1529 510 1596 conferet
532 1528 772 1615 exsanguis
797 1551 860 1616 qno
885 1551 919 1595 se
941 1531 1020 1616 post
1042 1527 1133 1594 bella
1156 1527 1383 1594 senectus?

302 1652 481 1740 sumpsisse
519 1650 674 1719 Tacitum
712 1651 892 1719 Germ.·3t
937 1651 1060 1734 ,donec
1097 1651 1330 1738 exsanguis
1370 1673 1427 1716 se-

301 1760 459 1826 nectus
482 1760 552 1827 tam
576 1757 679 1822 durae
703 1757 827 1822 virtuti
850 1758 993 1846 impares
1009 1756 1148 1838 faciat‘,
1172 1779 1254 1844 quos
1277 1756 1321 1824 ad
1336 1756 1427 1823 locos

303 1862 452 1930 conferri
473 1863 576 1930 velim
598 1865 779 1949 praeterea
803 1861 891 1927 Stat.
917 1861 1020 1928 Theb.
1045 1861 1117 1926 XII
1132 1861 1196 1956 706

619 1983 856 2070 eisanguis
880 1980 916 2050 et
938 2003 1042 2071 aegra
1064 1983 1271 2050 iuventus

429 2092 496 2173 iam
517 2113 578 2177 nec
600 2090 797 2176 coniugibus
820 2112 976 2177 suprema
1000 2112 1060 2156 uec
1084 2089 1198 2156 oscula
1219 2091 1310 2156 natis

429 2195 549 2282 iungit,
1052 2205 1055 2210 '

305 2319 362 2386 ubi
386 2317 471 2384 illud
503 2313 701 2404 ,exsanguis
725 2319 901 2384 iuventus“
927 2319 1075 2385 atrocius
1099 2322 1151 2385 est
1174 2319 1288 2386 fictum
1312 2343 1427 2386 seeun-

303 2423 381 2489 dum
403 2425 532 2491 Lucani
557 2421 755 2509 ,exsanguis
779 2425 965 2489 senectus“.

388 2529 495 2595 Paulo
519 2528 717 2616 diligentius
751 2529 792 2595 de
826 2529 985 2614 proximis
1016 2528 1099 2594 mihi
1129 2533 1181 2595 est
1210 2531 1427 2597 tractandum

304 2633 473 2722 exemplis.
534 2635 587 2700 De
624 2635 723 2701 initio
760 2634 843 2702 belli
880 2633 989 2700 civilis
1027 2621 1087 2699 s'ic
1112 2634 1265 2721 loquitur
1301 2636 1426 2702 Caesar

205 2747 208 2754 “
304 2739 334 2824 (Ι
350 2737 413 2804 311
428 2735 526 2827 εᾳᾳ.)’

611 2843 727 2910 veniat
749 2843 853 2930 longa
875 2844 943 2909 dux
965 2865 1046 2931 pace
1071 2845 1201 2912 solutus
1212 2845 1235 2931 ¹)

297 3039 298 3044 γ
345 2949 489 3016 milite
514 2972 604 3016 cum
626 2949 769 3016 subito
793 2951 973 3036 partesque
996 2949 1032 3014 in
1053 2949 1307 3037 bellatogatae

345 3049 593 3142 Marcellusque
616 3053 749 3142 loquax,
775 3056 819 3134 et,
843 3055 1011 3120 nomina
1033 3076 1159 3136 vana,
1184 3055 1382 3124 Catones.

390 3177 508 3258 Recte,
529 3178 600 3274 sine
617 3167 727 3260 dubia,
752 3176 927 3243 confertur
952 3175 1079 3262 ,milite
1102 3200 1176 3243 cum
1199 3180 1329 3245 subito“
1355 3203 1429 3246 cum

305 3283 416 3351 Taciti
440 3283 530 3348 Hist.
553 3281 606 3347 IV
630 3283 671 3347 7ss
704 3304 782 3366 ,nec
802 3282 997 3362 ¹subitum
1018 3283 1220 3366 militem,
1255 3285 1313 3350 sed
1337 3289 1429 3353 vete-

308 3412 380 3455 rem
396 3391 639 3475 expertumque
653 3387 743 3454 bello
767 3387 1012 3474 (adventare)“,
1035 3388 1095 3454 ubi
1111 3389 1263 3456 Heraeus
1287 3393 1324 3455 et
1346 3390 1431 3480 Has-

305 3493 383 3560 lrins
399 3493 570 3580 explicant
597 3492 766 3575 ,subitus“
785 3486 880 3558 idem
896 3493 966 3558 e'sse
983 3516 1022 3559 ac
1048 3495 1338 3578 ,tumultuarius“,
1364 3519 1429 3584 quo

229 3596 233 3602 ’
304 3601 408 3668 verbo
441 3597 524 3664 alibi
555 3597 668 3664 utitur
699 3597 837 3666 Tacitus
871 3595 975 3683 (Hist.
992 3598 1044 3665 IV
1062 3599 1165 3684 20,7;
1191 3600 1242 3682 66,
1256 3600 1305 3686 5);
1345 3621 1430 3688 quae

396 3815 423 3883 1)
448 3817 492 3867 An
518 3819 594 3868 recte
620 3829 680 3867 cum
706 3814 796 3868 verbis
824 3815 931 3883 „veniat
956 3815 1038 3883 longa
1057 3814 1112 3869 dux
1131 3832 1199 3885 pace
1218 3815 1342 3871 solutus“
1361 3831 1431 3871 com·

306 3903 447 3973 paraverit
459 3903 650 3957 Reitzenstein
670 3907 739 3957 Ann.
753 3905 820 3958 XIII
833 3908 876 3958 35-
889 3905 1025 3972 ,legiones
1039 3907 1120 3972 longa
1133 3921 1201 3974 pace
1221 3909 1333 3975 segnes“
1354 3907 1434 3962 valde

305 3992 409 4060 dubito,
439 4008 499 4045 cum
519 3992 583 4047 talis
603 3994 740 4046 sententia
759 3994 835 4047 varie
855 3996 997 4048 enuntiata
1015 4002 1208 4065 praeterquam
1237 3996 1309 4064 quod
1328 4014 1362 4051 ne
1388 3998 1432 4051 hic

305 4081 413 4150 quidem
432 4083 516 4136 rerba
535 4083 615 4136 nimis
635 4084 825 4146 consentiunt,
855 4085 1039 4154 compluribus
1060 4086 1160 4139 existat
1179 4085 1268 4139 Taciti
1287 4087 1369 4154 Iocis,
1396 4085 1431 4140 cf.

305 4175 371 4240 Agr.
393 4177 423 4225 ll
453 4173 531 4240 ,plus
558 4179 648 4226 tamen
670 4171 798 4226 vferociae
820 4175 943 4227 Britanni
970 4174 1130 4243 proferunt,
1159 4180 1190 4228 ut
1218 4190 1285 4242 quos
1313 4175 1432 4229 nondum

305 4263 388 4330 longa
408 4276 463 4330 pax
482 4261 653 4330 emollierIt“,
686 4262 775 4316 Germ.
798 4264 831 4314 14
860 4263 970 4332 ,civitas
999 4270 1091 4332 torpet
1117 4264 1199 4332 longa
1217 4280 1285 4332 pace
1303 4271 1331 4319 et
1350 4267 1433 4334 otio“,

308 4351 375 4404 alibi
395 4351 528 4406 similiter.
