3138 5178
563 544 780 613 „27-

797 700 801 716 t

112 722 203 789 baud
228 746 358 811 semper
389 724 523 790 initium
548 723 692 792 dilucide
714 725 856 790 notetur
881 733 916 804 et
938 723 1144 805 dinoscatur,
1178 723 1237 790 sed
1337 725 1341 730 ”

113 828 283 898 interdum
318 829 484 896 transitus
518 829 632 916 potius
668 829 846 896 efficiatur.
903 827 936 894 A
969 828 1234 896 luculentissimo

112 933 246 998 initium
269 934 399 1021 capiam
423 934 584 1020 exemplo.
631 933 846 1002 Praeclarum
869 933 1039 1014 annalium
1063 935 1235 1013 exordium

112 1029 208 1105 nemo
233 1041 295 1118 est.
321 1039 401 1125 quin
425 1039 590 1112 memoria*
607 1041 740 1106 teneat:
769 1039 913 1120 „Urbem
937 1040 1075 1104 Romam
1100 1062 1120 1106 a
1142 1039 1235 1126 prin-

113 1143 200 1230 cipio
223 1165 321 1231 reges
344 1143 524 1215 habuere“.
565 1144 659 1228 Quae
682 1133 976 1230 verba'respicere
990 1143 1259 1232 Sallustianum·

113 1248 222 1314 locum
238 1244 468 1338 primusvidit
481 1249 700 1344 Woelfflin1),
717 1249 877 1336 probavit
892 1249 1031 1341 Norden
1042 1249 1077 1334 2),
1101 1249 1236 1342 initium
1266 1309 1268 1314 Α
1370 1247 1374 1258 ’

113 1353 186 1419 dico
211 1354 299 1420 sexti
323 1354 494 1420 Catilinae
525 1353 665 1444 capitis:
704 1355 847 1434 „Urbem
870 1355 1021 1421 Romam.
1057 1355 1144 1422 sicut
1173 1377 1234 1440 ego
1314 1415 1330 1450 ·.

14 1466 15 1470 ’
113 1459 234 1544 accepi,
259 1457 440 1526 condidere
463 1464 565 1545 atque
588 1459 735 1526 habuere
757 1449 855 1525 initio
873 1459 1022 1542 Troiani,
1046 1460 1103 1548 qui
1119 1461 1237 1527 Aenea

115 1557 199 1629 duce
233 1565 370 1650 profugi
405 1563 537 1630 sedibus
580 1564 720 1632 incertis
754 1567 976 1650 vagabantur,
1010 1585 1149 1651 eumque
1183 1565 1235 1631 his

112 1668 338 1755 aborigines“.
384 1669 501 1756 Neque
535 1671 649 1735 tamen
682 1671 776 1736 recte
798 1670 833 1734 in
857 1691 897 1736 ea
920 1692 957 1736 re
985 1670 1151 1737 iudicasse
1187 1671 1235 1738 vi-

14 1830 15 1840 .
114 1773 215 1840 detur
230 1773 415 1857 Woelfflin,
439 1774 529 1862 quod
544 1774 628 1841 dicit
643 1775 1045 1842 contradicereTaoitum
1061 1775 1236 1861 Sallustio,
1325 1786 1328 1796 '

67 1938 68 1942 ,
114 1901 196 1961 cum,
232 1901 318 1966 quae
351 1878 405 1944 hio
438 1879 566 1946 sentiat
590 1879 631 1946 de
655 1879 784 1966 origine
807 1880 925 1966 populi
947 1881 1100 1962 Noniani,
1134 1880 1260 1950 valde.

15 2011 16 2020 ¹
113 1984 294 2056 dissentiat
317 1987 359 2050 ab
383 1985 432 2067 iis,
468 2007 554 2071 quae
584 1985 692 2052 ceteri
715 2007 828 2051 omnes
853 1985 1066 2052 tradiderint.
1112 1987 1232 2053 Nonne

14 2103 19 2133 ³
114 2081 185 2155 rem
219 2088 482 2156 diversissimam
516 2092 672 2158 tractant
706 2093 871 2172 auctores,
907 2114 980 2156 cum
1012 2091 1150 2156 Tacitus
1182 2091 1255 2162 los

17 2193 20 2216 ³
115 2203 242 2280 quatur
265 2194 305 2260 do
328 2194 522 2281 primordiis
537 2193 588 2260 rei
602 2194 765 2282 publicae,
790 2193 974 2262 Sallustius
998 2218 1078 2262 vero
1103 2195 1144 2266 de
1167 2196 1257 2262 ori-·

17 2289 21 2378 ³¹
116 2300 194 2384 gine
216 2299 330 2386 gentis
355 2299 551 2366 Romanae?

19 2397 22 2483 ζ
206 2409 293 2471 Ann.
317 2405 370 2472 VI
387 2407 429 2473 50
452 2405 494 2472 de
518 2406 677 2474 extremis
703 2404 830 2473 Tiberii
854 2404 969 2472 diebus
992 2405 1166 2473 locuturus
1189 2407 1236 2472 sio

17 2555 26 2588 er
115 2511 235 2598 incipit
252 2511 407 2577 Tacitus:
436 2512 526 2594 „Iam
542 2511 714 2578 Tiberium
729 2533 858 2598 corpus,
882 2511 949 2576 iam
965 2511 1064 2604 vireo,
1089 2506 1247 2604 nondum

15 2645 24 2679 ς
116 2615 339 2706 dissimulatio
375 2615 584 2682 deserebat“.
643 2615 725 2681 Cum
758 2615 811 2680 his
846 2616 960 2682 verbis
993 2616 1068 2682 iure
1103 2603 1236 2682 confert
1296 2699 1299 2708 ι

120 2743 237 2750 ..ὼ-...κ

24 2835 26 2844 .
118 2791 186 2844 illud
212 2789 403 2859 praeferimus,
432 2792 502 2844 hunc
529 2808 607 2844 usum
633 2769 759 2845 ¹Tacitum
788 2808 841 2844 non
866 2791 975 2858 esitio,
1004 2791 1086 2844 sede
1107 2791 1236 2844 Sallustio

121 2881 269 2948 sumpsisse
288 2879 461 2934 verisimilius
482 2887 531 2934 est.
563 2880 659 2946 Neque
679 2886 770 2934 tamen
784 2881 927 2948 probabile
940 2887 982 2934 est
996 2880 1163 2934 sallustiano
1182 2881 1237 2933 iam

116 2970 198 3023 verbo
227 2976 336 3023 sensum
364 2969 440 3022 verbi
470 2970 584 3038 „periti“
614 2969 712 3035 inesse,
742 2969 807 3036 quia
834 2969 911 3022 addit
932 2971 1064 3038 „scientes
1091 2970 1182 3023 belli“.
1201 3001 1236 3008 -—

116 3059 258 3112 Postremo
278 3059 425 3112 Furneaux
445 3059 552 3112 confert
566 3063 634 3112 Anu.
650 3060 705 3112 125
727 3065 823 3126 „atrox
843 3060 946 3112 clamor
959 3066 986 3112 et
998 3063 1112 3126 repente
1133 3059 1235 3128 quies“‚
1273 3108 1275 3123 .

27 3208 29 3216 y
113 3153 202 3202 totam
218 3147 297 3202 simul
317 3148 503 3202 narrationem
523 3149 637 3201 militum
657 3147 848 3202 seditiosorum
868 3165 928 3202 cum
948 3149 994 3201 Sil.
1014 3149 1040 3200 X
1059 3151 1110 3202 395
1123 3164 1163 3216 sq.

77 3238 80 3245 '
228 3230 230 3235 ’
312 3237 413 3291 clamor
436 3254 519 3306 saepe
538 3253 637 3306 repens
657 3244 684 3292 et
704 3254 786 3306 saepe
805 3239 917 3316 silentia,
934 3239 994 3292 fixis

25 3393 26 3396 Ἴ
173 3389 175 3396 .
280 3317 283 3320 ⁵
310 3328 338 3379 in
357 3327 483 3380 tellurem
503 3328 615 3393 oculis“‚
1082 3399 1084 3402 Ι

17 3409 34 3443 ‘³³'
114 3416 162 3469 ubi
181 3415 249 3468 nibil
267 3432 317 3484 pro
337 3416 410 3470 illius
429 3416 576 3484 sententia,
606 3417 674 3469 nibil
704 3415 893 3470 contradicere
913 3417 1009 3484 ausim,
1036 3435 1095 3470 cum
1116 3417 1235 3471 certiora

14 3499 36 3592 ἦ
116 3506 195 3569 nobis
224 3505 315 3558 desint
340 3511 508 3572 argumenta.
547 3505 650 3573 Quodsi
670 3509 740 3559 Ann.
760 3505 798 3558 lll
818 3509 853 3559 20
874 3507 970 3574 „simul
989 3512 1146 3580 excepta
1165 3507 1234 3560 vul·
1290 3579 1291 3584 ἵ

114 3611 204 3648 nera
223 3602 251 3647 et
271 3611 434 3661 quamquam
454 3595 606 3649 transfosso
627 3596 704 3650 oculo
725 3594 868 3650 adversum
889 3611 918 3650 os
932 3597 960 3648 in
973 3596 1080 3649 hostem
1099 3596 1233 3667 intendit?
1270 3623 1272 3626 ·

19 3676 38 3740 5³¹³
114 3683 222 3738 confert
241 3685 388 3738 Furneaux
407 3700 467 3738 eum
488 3685 534 3738 Sil.
553 3685 592 3738 lX
611 3689 662 3740 367

29 3779 30 3788 ’
648 3775 711 3828 dum
731 3776 842 3829 volnera
862 3783 940 3843 tergo

274 3864 392 3918 bellator
411 3865 488 3918 timet
506 3867 643 3918 Ausonius
663 3881 713 3933 per
733 3872 852 3953 pectorq
865 3879 961 3929 saevas

33 4022 35 4028 y
276 3959 452 4022 exceptat
471 3961 571 4021 mortes
592 3959 619 4008 et
637 3955 693 4008 leto
714 3953 830 4008 dedecus
850 3960 934 4021 arcet,

14 4039 38 4083 ³l
114 4043 207 4096 statim
227 4041 358 4096 admoneo
378 4043 451 4096 illius
471 4043 576 4096 Lucani
597 4059 689 4098 versus
710 4043 852 4112 iterasti

236 4123 239 4128 ’
535 4133 639 4186 cunctis
660 4149 709 4200 ego
729 4133 838 4200 pervius
857 4133 944 4186 hastis

276 4220 410 4288 excipiam
429 4218 533 4274 medius
552 4221 637 4274 totius
657 4222 769 4274 volnera
788 4222 862 4275 belli.

206 4310 232 4380 1)
253 4310 321 4362 Phil.
342 4313 384 4376 26,
405 4327 432 4377 p.
456 4313 504 4362 128
515 4325 554 4377 sq.

204 4398 234 4468 2)
253 4403 317 4453 Ant.
336 4397 510 4467 Kunstprosa
529 4399 549 4467 1,
569 4417 594 4467 p.
616 4402 668 4453 328
688 4396 756 4452 Adn.
777 4403 801 4452 2.
