3138 5178
578 535 793 602 ..33..

128 708 321 776 facundiam
353 717 462 802 neque
494 710 663 796 ingenium
678 759 679 762 κ
695 711 737 780 ad
760 710 1064 778 malefaciendum
1089 711 1257 777 exercui“.

130 812 301 880 Similiter
325 815 469 882 Cerialis
503 815 594 901 (Tac.
613 817 702 882 Hist.
719 815 771 882 IV
786 815 841 898 73)
873 837 966 882 suam
988 816 1109 903 incipit
1132 817 1258 883 oratio-

128 942 223 986 nem:
260 921 397 1009 „Neque
422 943 483 1010 ego
508 944 661 1009 unquam·
677 921 869 988 facundiam
893 922 1035 997 exercui,
1070 926 1105 988 et
1138 921 1257 1010 populi

128 1025 272 1099 Romani
295 1028 459 1093 virtutem
481 1028 584 1094 armis
603 1026 815 1094 -adfirmavi“.
908 1071 910 1076 -
1019 1069 1023 1094 ε
1065 1097 1067 1100 ,

219 1131 330 1198 Unum
353 1134 532 1198 tantuma
553 1132 652 1201 Livio
676 1136 869 1220 promptum
892 1133 1035 1199 afferam
1058 1133 1257 1220 exemplum,

129 1253 272 1302 unum-e
292 1237 456 1324 Vergilio,
482 1237 882 1326 priusquamadeeteru
911 1238 1121 1326 progrediar.
1166 1239 1256 1306 Hist.
1368 1300 1371 1305 .

131 1343 183 1409 IV
201 1344 242 1408 16
262 1342 400 1427 „Civilis
417 1343 493 1410 dolo
510 1344 731 1430 grassandum
746 1347 842 1410 ratus
858 1343 1026 1411 incusavit
1042 1343 1134 1409 ultro
1158 1365 1254 1431 prae-

129 1447 257 1514 fectos“
280 1452 376 1514 certe
392 1452 561 1536 sumptum
577 1452 630 1515 est
643 1449 753 1516 eirivi
765 1449 858 1530 xm.
875 1450 915 1514 13
933 1448 1099 1532 „(Fabius)
1112 1449 1252 1516 consilio
1286 1453 1288 1456 ’

129 1553 362 1638 grassandum,
395 1554 425 1618 si
447 1553 533 1618 nihil
557 1543 648 1621 uires
681 1555 848 1634 iuvarent,
880 1555 1009 1636 ratur,
1033 1553 1124 1621 Hist.
1141 1553 1256 1620 Illac

130 1681 191 1741 „ac
214 1681 330 1725 rursus
351 1680 441 1726 nova
464 1659 618 1726 laborum
634 1659 757 1726 facies“
784 1658 917 1746 eVerg.
940 1657 1027 1726 Aen.
1053 1659 1104 1728 VI
1129 1661 1190 1726 103
1207 1682 1255 1748 sq.

702 1806 769 1850 non
793 1783 863 1849 ulla
885 1783 1097 1865 laborum,

144 1907 167 1961 χ
216 1903 256 1952 ⁴o
281 1889 387 1974 virgo,
412 1909 520 1954 nova
542 1888 588 1953 mi
610 1888 749 1955 facies
772 1888 953 1977 inopinave
977 1887 1099 1974 surgit.

218 2009 281 2077 His
306 2011 456 2077 omnibus
481 2011 642 2098 exemplis
666 2012 823 2098 quoniam
846 2011 1027 2094 docuimus,
1052 2032 1137 2099 quae
1161 2012 1254 2078 esset

133 2114 245 2182 Taciti
268 2137 322 2182 ars
345 2115 510 2196 imitandi,
535 2117 602 2182 iam
626 2119 680 2183 est
703 2121 835 2204 tempus
852 2117 1023 2204 suscipere
1045 2116 1154 2203 ipsum
1176 2129 1253 2204 pro‘-

131 2221 278 2305 positum
310 2224 346 2288 et
377 2224 530 2288 tractare
563 2221 603 2288 de
632 2221 752 2289 Tacito
775 2222 904 2288 Lucani
935 2222 1120 2305 imitatore,
1154 2242 1252 2309 quam

133 2326 285 2412 opusculi
315 2329 448 2413 partem
481 2327 529 2393 sic
558 2326 780 2414 disponemus,
813 2330 853 2393 ut
875 2327 1030 2415 'primum
1061 2329 1252 2412 repetamus

133 2431 287 2519 exempla
309 2455 330 2498 a
355 2431 435 2499 viris
458 2432 566 2500 doctis
590 2432 727 2510 collata,
752 2435 826 2499 tum
842 2455 934 2521 ‚quae
956 2433 1022 2520 ipsi
1044 2431 1251 2519 collegimua,

133 2529 344 2625 proferamus
367 2541 473 2616 certa,
497 2537 697 2625 probabilia,
729 2539 839 2622 dubia,
863 2538 1007 2627 denique
1030 2561 1079 2621 ea,
1105 2560 1189 2632 quae
1211 2539 1253 2604 ab

133 2642 210 2708 aliis
232 2642 479 2730 falsoprolata
501 2647 669 2734 putamus.
976 2649 979 2654 “

670 2805 717 2872 Π.
745 2831 747 2838 ’

415 2933 466 2998 De
490 2931 609 2998 Tacito
634 2931 761 2998 Lucani
783 2931 969 2998 imitatore.

220 3045 261 3111 In
293 3046 355 3112 hac
387 3045 498 3112 altera
528 3046 680 3133 opusculi
702 3050 802 3133 parte
826 3047 971 3132 primum
994 3049 1048 3112 est
1070 3069 1179 3114 meum
1202 3069 1254 3112 re·

86 3141 90 3149 ⁴
130 3152 238 3234 ferre,
263 3173 348 3239 quae
372 3151 480 3220 adhuc
502 3152 544 3218 de
567 3153 687 3218 hac're
702 3141 806 3218 'nobis
823 3147 1002 3241 proposita
1024 3153 1095 3220 sint
1116 3152 1253 3237 scripta.
1350 3155 1357 3171 '

132 3257 205 3324 Iam
228 3256 307 3324 inde
330 3259 372 3323 ab
396 3257 503 3324 Orelli
526 3257 637 3324 Taciti
668 3258 895 3344 interpretum
919 3253 1059 3346 plurimi
1081 3279 1184 3323 unum
1205 3255 1253 3323 al·

132 3368 288 3428 terumve
310 3362 439 3428 Lucani
460 3385 598 3429 versum
630 3362 673 3427 ad
705 3360 796 3430 locos
821 3363 977 3430 Taciteos
1009 3363 1211 3444 attulerunt,
1237 3385 1254 3428 e

132 3490 276 3555 quorum
298 3489 436 3533 numero
459 3467 621 3554 imprimis
644 3467 751 3534 affero
776 3465 1027 3559 Nipperdeium,
1060 3467 1253 3550 Furneam,

132 3573 312 3652 Heraeum,
345 3571 536 3639 Meiserum.
571 3610 615 3621 -
647 3563 793 3639 Contra'
811 3573 957 3639 Lucaniu
973 3575 1254 3639 commentatores

131 3677 257 3745 similes
282 3677 395 3743 Taciti
415 3678 507 3744 locos
530 3677 661 3746 referre
690 3701 757 3744 non
791 3678 984 3760 omiserunt,
1018 3682 1059 3745 ut
1080 3678 1208 3746 Weber
1219 3677 1252 3762 1),

131 3781 313 3849 Francken
322 3781 357 3868 2),
380 3781 574 3870 Hashinsl).
608 3783 715 3858 Paulo
732 3783 930 3870 diligentins
959 3784 1045 3850 hauc
1068 3805 1140 3850 rem
1163 3789 1253 3851 trac·

224 3943 250 4012 1)
270 3943 307 3998 M.
327 3947 396 3996 Anu.
416 3943 523 3998 Lucani
548 3944 753 3999 Pharsaliorum
782 3943 927 4000 editionem
956 3950 1044 3999 morte
1064 3945 1150 3998 Cortii
1168 3945 1251 3999 inter-

130 4039 244 4100 ruptam
264 4031 381 4089 absolvit
400 4033 460 4086 Gar.
485 4031 557 4086 b‘rid.
577 4033 678 4088 Weber
697 4035 773 4102 Lips.
795 4037 872 4089 1828.

219 4125 247 4190 2)
267 4121 305 4174 M.
325 4123 431 4176 Annaei
450 4122 556 4176 Lucani
575 4121 721 4176 Pharsalia
804 4123 875 4177 edid.
896 4122 1049 4178 Francken.
1078 4143 1080 4146 ·

222 4214 249 4280 3)
270 4212 307 4265 M.
328 4213 433 4265 Annaei
471 4212 577 4265 Lucani
606 4212 750 4266 Pharsalia
781 4211 872 4266 edited
900 4212 965 4266 with
984 4211 1102 4280 English
1120 4217 1199 4266 notes
1219 4211 1254 4280 by

131 4301 160 4354 Ο.
173 4301 205 4355 Ε.
220 4301 340 4354 Haskins
360 4299 566 4355 Loud0n1887.
596 4301 702 4355 Lucani
719 4318 814 4370 versus
833 4301 918 4360 affero
938 4318 972 4354 ex
990 4301 1069 4355 Hosii
1089 4300 1252 4355 editionibus

130 4391 206 4459 Lips.
229 4393 296 4446 1892
316 4396 344 4445 ct
366 4393 433 4444 1905
446 4393 463 4444 ².

159 4497 270 4547 norbert.
745 4546 748 4552 ,
1022 4484 1039 4536 3
