3138 5178
506 517 511 526 ·
607 495 823 572 «61,-

153 689 276 734 novum
307 667 437 755 aliquid
456 671 677 736 nasceretur.
732 667 851 757 Neque
884 667 970 737 enim
1001 669 1093 736 Iocus
1126 671 1281 757 poposcit

152 771 290 839 variare
313 774 437 856 verba,
472 794 546 840 oum
570 772 672 839 scribi
702 777 817 860 posset
848 774 1062 860 ,sanguinem
1084 779 1120 842 et
1144 774 1281 842 caedem

153 877 223 944 eius
248 877 374 944 ordinis
396 877 642 966 depoposcerit,
666 877 724 969 qui
748 880 844 961 ...“,
874 878 904 945 si
925 879 969 944 ad
994 881 1133 948 verbum
1155 881 1279 948 exscri-

150 983 232 1050 bere
253 983 366 1050 voluit
388 986 510 1070 poetae
532 1003 652 1050 versus
675 981 824 1050 Tacitus.
1262 1069 1265 1078 .

238 1087 479 1174 Depinguntur
513 1109 534 1154 a
565 1087 700 1155 Lucano
731 1088 831 1155 1129
846 1111 917 1176 sqq.
952 1088 1018 1156 duo
1051 1087 1135 1157 belli
1169 1090 1280 1158 civilis

151 1191 266 1272 duces,
290 1190 468 1259 Caesarem
491 1191 565 1260 dico
589 1195 626 1259 et
648 1191 852 1279 Pompeium,
876 1214 1019 1280 quorum

360 1296 451 1364 alter
472 1297 556 1382 (scil.
574 1296 766 1385 Pompeius)
788 1297 1086 1384 vergentibus
1109 1299 1235 1366 annis

299 1403 335 1468 in
358 1402 487 1468 senium
511 1401 679 1489 longoque
701 1405 805 1488 togae
827 1402 1046 1489 tranquillior
1068 1425 1131 1469 usu

299 1506 460 1574 dedidicit
483 1507 551 1574 iam
573 1527 654 1595 pace
678 1505 803 1585 ducem,

150 1609 279 1692 idest,
313 1612 452 1700 Pompei
483 1612 564 1678 anni
593 1612 660 1678 iam
690 1611 839 1698 proxime
870 1612 962 1679 senio
992 1612 1277 1702 appropinquant.

151 1715 301 1782 Primum
316 1716 456 1784 Tacitus
481 1717 637 1784 absolute
653 1719 791 1784 verbum
808 1716 972 1802 vergendi
994 1717 1150 1785 adhibet:
1176 1718 1279 1800 (Anu.

150 1819 203 1886 IV
214 1821 248 1906 8)
266 1821 530 1909 „miseratusque
553 1872 604 1887 ...
629 1825 826 1907 vergentem
839 1826 988 1890 aetatem
1004 1828 1129 1915 spam“,
1146 1822 1211 1910 (IV
1222 1825 1279 1907 41)
1309 1876 1311 1879 -

153 1949 249 2012 „mox
271 1926 450 1994 Caesarem
473 1931 638 2014 vergente
667 1927 735 1994 iam
765 1931 901 1998 senecta
925 1979 932 1993 .
952 1979 985 1993 ..
1009 1929 1123 1994 munta
1145 1925 1279 2016 imperii

150 2031 284 2099 facilius
308 2032 576 2114 tramissurum“,
600 2032 658 2099 ubi
679 2032 782 2100 facile
798 2055 840 2098 ex
856 2033 993 2100 silentio
1010 2033 1189 2121 suppletur
1215 2033 1281 2118 „ad

152 2137 290 2220 senium,
313 2138 357 2204 ad
378 2141 552 2204 mortem“.
599 2137 728 2205 Maiore
744 2141 817 2204 tum
832 2137 972 2204 audacia
995 2139 1125 2206 imitari
1140 2139 1279 2206 videtur

151 2241 279 2309 Lucani
310 2265 429 2309 versus
452 2245 540 2308 Ann.
558 2242 630 2308 XII
644 2243 706 2326 44,
740 2242 799 2309 ubi
830 2247 950 2310 narrat
983 2243 1025 2311 de
1047 2243 1280 2330 Pharasmane

150 2345 356 2415 Hiberorum
378 2369 474 2435 rege:
502 2347 634 2436 „Igitur
656 2346 902 2414 Pharasmanes
925 2331 1080 2415 iuvenem
1102 2336 1278 2437 potentiae

150 2456 327 2542 promptae
350 2455 386 2520 et
409 2453 521 2519 studio
544 2452 757 2544 popularium
776 2453 959 2521 accinctum
984 2454 1279 2540 vergentibus
1359 2460 1360 2463 ’

69 2603 71 2610 -
151 2559 217 2626 iam
250 2559 346 2627 annis
379 2559 448 2626 suis
481 2562 633 2626 metuens
667 2556 769 2625 aliam
801 2559 857 2625 ad
876 2557 966 2646 spem
999 2558 1140 2626 trahere
1171 2557 1275 2624 .'...“
1304 2619 1305 2622 ,

152 2665 273 2732 omisso
306 2663 366 2730 illo
404 2662 466 2746 ,ad
498 2663 660 2747 seniom“,
696 2685 782 2749 quae
815 2663 913 2730 docet
947 2686 1001 2731 res
1037 2663 1280 2750 „vergentibus

150 2770 267 2836 annis“
302 2790 374 2837 esse
397 2769 523 2835 dictum
545 2791 608 2858 pro
633 2772 823 2854 ,vergente
842 2771 977 2835 aetate“
1010 2770 1068 2838 vel
1093 2773 1280 2855 ,vergente

151 2878 318 2942 senecta“.
364 2874 517 2960 Denique
540 2877 674 2941 mutato
698 2873 821 2940 iterum
844 2874 905 2940 hoc
927 2875 1000 2960 ipso
1023 2874 1162 2942 insolite
1185 2875 1277 2941 dioto

152 2978 195 3045 ad
226 2983 360 3046 tantam
390 2978 546 3066 procedit
579 2978 737 3045 dictionis
768 2977 959 3060 audaciam,
992 2983 1031 3044 ut
1054 2979 1164 3065 fingat
1186 2979 1277 3044 Ann.

151 3084 242 3155 XIII
261 3085 319 3149 19:
353 3084 425 3166 ,Ex
459 3085 579 3171 quibus
611 3082 769 3167 (feminis)
802 3087 877 3149 erat
905 3083 1006 3149 Iunia
1035 3083 1165 3163 Silana,

78 3207 82 3212 ·
150 3189 360 3277 Agrippinae
384 3189 442 3254 diu
464 3208 621 3275 percara,
654 3210 731 3252 mox
755 3187 894 3254 occultis
916 3187 1008 3254 inter
1039 3209 1096 3254 eas
1121 3188 1278 3255 offensio·

149 3295 256 3375 nibus,
282 3345 288 3359 .
308 3345 314 3360 .
333 3345 365 3360 ..
389 3293 591 3380 impudicam
607 3296 642 3360 et
658 3295 917 3379 vergentem¹
933 3292 1057 3359 annis
1080 3292 1278 3373 dictitans“,

149 3399 207 3465 ubi
221 3399 258 3466 id
271 3421 377 3486 genus
395 3398 556 3464 miramur
572 3396 734 3478 mutandi,
751 3397 840 3483 quod
856 3417 959 3483 supra
981 3398 1024 3483 (p.
1047 3398 1087 3463 13
1100 3397 1163 3485 sq.)
1185 3401 1279 3464 trac·

150 3505 311 3586 tavimuS,
347 3503 412 3570 uisi
443 3502 532 3591 quod
559 3495 736 3569 'licentiam
768 3504 803 3568 et
835 3501 1010 3569 audaciam
1042 3502 1199 3570 dictionis
1222 3501 1277 3568 hie

150 3609 254 3677 etiam
276 3609 373 3676 auxit
395 3609 551 3694 scriptor.

236 3714 324 3780 Anu.
341 3711 428 3779 XIV
444 3713 487 3776 24
507 3735 631 3779 novum
653 3713 689 3777 in
711 3713 843 3778 modum
866 3712 967 3799 fingit
984 3712 1122 3779 Troilus
1149 3711 1277 3800 ,legati
1325 3769 1328 3784 .

149 3818 395 3906 TIgranOcerta
435 3816 531 3883 missi
572 3820 732 3904 patere
766 3819 950 3909 moenia
992 3817 1174 3883 adferunt“
1213 3839 1278 3905 pro

153 3927 292 4010 ,patere
321 3926 440 4010 portas
472 3923 668 3990 moenium“.
714 3923 904 3990 Insolentia
931 3923 1061 4009 figurae
1091 3922 1279 4011 perductus
1393 3919 1395 3922 ’

152 4030 206 4094 est
228 4027 439 4115 Nipperdey,
465 4029 505 4093 ut
527 4028 700 4096 conferret
725 4053 858 4095 versum
880 4028 1009 4095 Lucani
1032 4028 1231 4114 111372sq.

570 4133 617 4199 sic
639 4129 817 4220 postquam
840 4133 943 4215 satus,
968 4133 1012 4200 ad
1029 4135 1150 4218 ,urbem
1234 4118 1248 4191 .'

192 4236 283 4303 haud
297 4237 468 4324 trepidam
490 4238 660 4310 convertit
681 4238 767 4322 iter,
791 4241 872 4304 tune
895 4239 1065 4304 moenia
1088 4237 1234 4304 clausa

195 4342 360 4428 conspicit
383 4345 419 4408 et
442 4341 544 4409 densa
567 4341 725 4409 iuvenum
748 4343 878 4410 vallata
901 4347 1055 4411 corona“.
