3138 5178
573 483 791 575 ’,21-

117 703 172 747 co
186 682 433 769 ncnpivit“‚
467 706 532 770 quo
566 683 640 749 loco
668 705 767 771 quam
784 683 955 768 refertum
978 683 1025 750 sit
1047 688 1150 772 caput
1174 707 1247 754 sen-

114 787 242 854 tentiis
271 788 347 854 aliis
380 789 573 855 auctoribus
597 789 720 856 debitis
743 812 785 856 ne
809 791 1013 877 praetereas,
1046 790 1248 877 praesertim

115 889 197 958 cum
231 893 273 958 de
306 893 477 959 nonnullis
511 894 578 959 iam
613 916 714 981 supra
742 894 933 961 dixerimus.
979 894 1134 982 Denique
1157 881 1247 962 Anu.

115 997 224 1064 1181
252 998 429 1081 „hastas
461 1021 543 1066 saxa
567 1003 602 1067 et
624 999 716 1066 faces
747 1000 968 1086 ingerere
991 999 1147 1086 (iussit)“‘
1173 1001 1246 1067 imi-

118 1105 222 1169 tatur
245 1104 347 1190 Verg.
371 1104 457 1171 Aen.
481 1104 553 1170 XII
576 1105 640 1170 330
662 1104 787 1188 (etIX
810 1103 886 1189 763)

273 1209 445 1275 seminecis
469 1208 580 1276 volvit
603 1209 728 1276 multos
745 1212 813 1283 'aut
836 1210 972 1297 agmina
995 1232 1096 1276 curru

271 1315 418 1401 proterit
441 1318 502 1381 aut
524 1317 642 1401 raptas
666 1314 875 1402 fugientibus
900 1313 1032 1402 ingerit
1051 1315 1177 1382 hastas.

119 1418 230 1486 Paulo
247 1419 412 1506 copiosius
432 1419 473 1486 de
489 1420 537 1486 eis
553 1441 651 1507 agam
669 1421 832 1507 partibus,
855 1421 1011 1508 aquibus
1028 1419 1248 1488 Tacitus'sin·

120 1524 222 1610 gulas
236 1513 448 1616 narrationes
465 1525 521 1593 vel
533 1516 646 1613 eapite
658 1526 891 1592 narrationum
905 1528 966 1591 aut
978 1525 1126 1614 incipere
1137 1530 1197 1593 aut
1212 1527 1249 1594 in

119 1650 205 1715 quas
229 1651 269 1696 ea
291 1629 444 1696 desinere
467 1630 587 1698 voluit.
634 1631 780 1719 Utrique
812 1613 900 1696 enim
931 1630 1005 1697 loco
1038 1632 1148 1698 omnia
1172 1651 1245 1703 ora-

119 1734 225 1800 tionis
248 1734 377 1801 lumina
391 1735 606 1816 conveniunt,
630 1735 721 1802 inter
737 1757 822 1822 quae
845 1734 936 1802 haud
959 1735 1115 1802 ultimum
1137 1737 1248 1805 locum

120 1837 213 1926 apud
236 1839 390 1906 Tacitum
414 1840 495 1906 illae
518 1863 604 1928 quae
626 1841 762 1929 proprie
786 1843 953 1907 vocantur
975 1842 1166 1910 sententiae
1190 1845 1246 1910 ob-

119 1944 235 2010 tinent
272 1945 327 2031 (cf.
361 1946 506 2031 exempli
532 1946 646 2032 gratia
678 1944 881 2027 Quintiliani
903 1945 974 2011 XII
999 1947 1048 2011 10.
1062 1945 1127 2033 48).
1184 1947 1247 2016 His

120 2050 150 2115 si
167 2050 326 2116 adiuncta
350 2054 402 2117 est
425 2050 508 2116 clari
524 2051 666 2116 alicuius
681 2033 830 2119 auctoris
845 2050 994 2117 imitatio
1017 2052 1246 2141 unusquisqne

112 2153 307 2244 'legentium
322 2156 494 2242 exemplar
509 2155 664 2243 agnoscit
676 2155 926 2244 imitatorisque
941 2159 1051 2222 artem
1066 2158 1243 2245 persentit.

207 2262 236 2326 E
270 2261 365 2328 ¹Livii
403 2284 499 2328 sacra
532 2284 551 2327 o
589 2262 768 2347 sumpsisse
807 2259 943 2329 videtur
981 2261 1120 2329 Tacitus
1160 2263 1247 2333 illud

68 2351 72 2356 ’
125 2367 262 2450 „mortis
286 2368 453 2450 exactor“‚
480 2365 567 2450 quod
589 2365 673 2432 dicit
695 2367 730 2433 in
753 2367 820 2433 fine
842 2367 1049 2434 narrationis
1072 2367 1114 2434 de
1136 2371 1246 2436 morte

123 2471 254 2538 Pisonis
278 2471 409 2538 relatae
441 2471 542 2556 (Ann.
566 2471 711 2556 ΠΙ14);
738 2465 871 2558 „Igitur
893 2471 1021 2538 inditus
1045 2472 1186 2540 lecticae
1210 2477 1245 2542 et

121 2599 142 2641 a
164 2559 300 2643 tribuno
323 2577 516 2664 praetoriae
538 2576 687 2643 cohortis
711 2575 874 2644 deductus
899 2580 960 2660 est,
985 2579 1080 2646 vario
1103 2601 1245 2664 rumore,

122 2686 233 2749 custos
249 2683 354 2748 saluti
369 2705 413 2748 an
431 2682 594 2748 mortis
618 2685 1054 2770 exactorseqneretur“.
1093 2680 1246 2751 Adhibet

125 2788 212 2854 enim
245 2790 383 2857 verbum
417 2788 479 2854 hac
514 2775 761 2874 significatione
794 2786 885 2853 haud
918 2788 970 2854 ita
1004 2789 1142 2856 solitum
1168 2789 1243 2856 Liv.

122 2893 159 2958 II
183 2893 212 2958 ὅ.
226 2894 263 2958 5:
292 2891 377 2975 „Qui
400 2896 574 2978 spectator
597 2895 685 2960 erat’
695 2891 909 2972 amovendus
945 2915 1020 2960 eum
1042 2893 1151 2982 ipsum
1174 2894 1243 2961 for·

120 3001 203 3064 tuna
227 3001 488 3065 exactorem
511 2997 738 3085 supplicii
761 2995 888 3063 dedit“.
924 2997 1039 3064 Verba
1061 2998 1103 3064 de
1125 2997 1243 3066 Sacro-

121 3103 185 3172 viri
208 3103 302 3168 exitu
324 3103 413 3168 Ann.
438 3102 554 3168 11146
578 3101 697 3169 emissa
722 3102 877 3188 „incensa
900 3124 1000 3190 super
1023 3103 1108 3171 villa
1131 3126 1244 3171 omnes

122 3207 302 3274 cremavit“
340 3204 421 3273 sine*
444 3203 543 3272 dubio
576 3209 709 3273 mutata
733 3209 812 3272 sunt
835 3207 980 3274 Liviana
1004 3207 1103 3290 (XXI
1128 3208 1178 3274 14.
1192 3211 1241 3292 4):

123 3311 204 3395 „Cui
227 3313 314 3378 enim
337 3312 430 3398 parci
452 3311 567 3399 potuit
590 3335 631 3378 ex
654 3312 706 3394 iis,
731 3312 789 3398 qui
805 3315 865 3378 aut
888 3313 1010 3380 inclusi
1032 3335 1106 3400 cum
1129 3314 1242 3381 coniu-

121 3418 216 3504 gibus
239 3439 278 3483 ac
299 3417 416 3483 liberis
446 3416 560 3483 domos
595 3439 695 3504 super
729 3440 764 3484 se
797 3417 888 3505 ipsos
912 3415 1241 3487 concremaverimt“.

121 3522 206 3588 Anu.
229 3522 281 3588 IV
298 3522 339 3587 32
364 3521 512 3608 explicat
536 3521 685 3604 Tacitus,
709 3544 795 3610 quae
819 3523 866 3590 sit
888 3545 998 3604 causa,
1035 3524 1133 3612 quod,
1157 3549 1244 3613 quae

120 3627 190 3714 ipse
206 3613 443 3719 elaboraverit,
467 3626 558 3695 levia
580 3649 618 3693 ao
642 3649 747 3714 parva
764 3649 836 3694 esse
851 3615 1035 3696 videantur
1058 3651 1138 3717 prae
1161 3631 1241 3716 illis,

122 3753 204 3820 quae
240 3735 373 3799 veteres
407 3732 588 3819 scriptores
622 3731 838 3798 tradiderint.
885 3731 1009 3801 Carere
1037 3735 1125 3801 enim
1148 3758 1242 3803 suam

122 3839 267 3903 aetatem
289 3837 484 3923 ingentibus
507 3836 576 3902 illis
602 3837 713 3918 bellis,
747 3841 892 3904 maestas
917 3861 988 3906 esse
1011 3839 1103 3906 urbis
1127 3864 1181 3908 res
1206 3844 1241 3908 et

125 3941 306 4029 prinoipem
340 3941 534 4028 proferendi
567 3942 702 4028 imperii
735 3942 956 4010 incuriosum:
1000 3943 1095 4028 „Non
1128 3948 1242 4012 tamen

123 4045 190 4113 siue
213 4068 275 4112 usu
298 4046 404 4112 fuerit
434 4047 657 4135 introspicere
688 4046 750 4114 illa
772 4047 879 4134 primo
902 4052 1041 4136 aspectu
1063 4049 1163 4134 levia,
1200 4074 1240 4117 ex

211 4280 237 4348 1)
255 4279 314 4332 Hoc
334 4296 441 4347 quoque
460 4280 519 4335 loco
539 4279 647 4350 singula
662 4280 774 4335 afferam
789 4282 912 4352 exempla
927 4300 943 4338 a
957 4285 1049 4339 multis
1068 4286 1133 4340 viris
1154 4285 1240 4341 doctis

125 4376 259 4441 congesta,
279 4385 347 4439 quos
366 4371 525 4442 singillatim
544 4369 645 4426 afferre
664 4369 837 4445 supersedeo.
