3138 5178
748 523 964 590 -68-

292 697 383 763 enim
408 697 540 764 Hirtius
562 696 640 763 bell.
657 696 757 764 Alex.
777 717 849 784 cap.
867 697 928 762 74:
956 697 1082 780 „Simul
1105 701 1302 786 contemptu
1324 720 1417 764 exer-

293 803 381 869 citus
410 802 538 884 nostri,
574 825 673 891 quem
701 802 835 890 pulsum
864 824 886 868 a
915 825 950 869 se
982 802 1134 868 Domitio
1165 802 1249 869 duce
1279 803 1416 886 sciebat,

292 907 378 973 inito
414 906 554 973 consilio
585 905 766 972 dimicandi
799 905 1000 974 descendere
1034 910 1275 995 praerupte
1297 907 1417 975 velle

259 1007 260 1012 ’
293 1012 441 1099 coepit“‚
476 1012 534 1078 ubi
556 1013 696 1079 verbum
722 1001 964 1098 „praeruptus‘l
990 1011 1092 1077 simili
1116 1011 1296 1078 adhibetur
1319 1035 1418 1078 sensu

292 1120 395 1203 etque
431 1115 521 1204 apud
544 1113 699 1186 Tacitum
733 1137 771 1181 ec
792 1114 975 1182 Lucanum.
1022 1114 1109 1183 Nem
1145 1117 1281 1205 proprio
1319 1139 1418 1183 sensu

243 1206 246 1211 ¹
291 1221 392 1304 vellis
428 1224 480 1287 cst
511 1221 603 1286 locus
638 1219 729 1286 inter
763 1219 846 1286 duos
880 1220 1057 1307 depressus
1091 1225 1232 1287 montes.
1290 1205 1419 1302 Quodsi

233 1342 235 1348 ’
293 1325 512 1412 coniungitur
534 1348 607 1390 cnm
631 1324 800 1391 adiectivo
827 1325 1054 1412 „praerupti“‚
1078 1324 1180 1392 facile
1203 1325 1420 1412 intellegitur

291 1429 417 1497 vellem
441 1429 586 1496 declives
609 1430 722 1516 potins
747 1451 818 1496 esse
846 1439 962 1518 partes
994 1431 1159 1496 montium
1189 1451 1288 1518 quam
1309 1431 1419 1518 ipsam

263 1599 264 1602 ,
291 1533 463 1613 vallem'l).
510 1533 565 1601 Sic
588 1533 735 1600 fortasse
762 1530 969 1622 „praerupte
988 1525 1100 1601 fosse“
1126 1535 1252 1600 maiore
1277 1539 1328 1601 est
1352 1534 1419 1600 die·

272 1643 364 1704 ,tum
387 1638 528 1706 audacie
560 1661 661 1726 quem
693 1642 898 1725 „praerupte
921 1638 1053 1705 vallis“.
1102 1638 1169 1706 Sed
1199 1638 1337 1704 dubium
1365 1641 1422 1706 est

296 1743 496 1830 exemplum:
1467 1729 1472 1746 ⁸

354 1895 363 1916 .
382 1847 547 1944 Similiter
570 1846 611 1914 de
634 1847 785 1934 proximo
804 1846 915 1914 indico
930 1849 1014 1915 loco.
1060 1847 1155 1914 Dicit
1171 1849 1309 1916 Tacitus
1326 1849 1418 1914 Hist.

204 2034 205 2050 χ
291 1947 637 2040 111,se:''„tongius¹
666 1952 734 2018 iem
765 1944 961 2040 progressus
990 1939 1070 2020 ¹eret
1099 1975 1199 2040 quem
1221 1957 1261 2019 ut
1283 1953 1420 2041 regredi

292 2063 416 2146 posset,
442 2062 477 2125 et
493 2080 551 2124 suo
568 2058 709 2146 quisque
724 2060 818 2125 metu
940 2062 1222 2125 cunctantem
1245 2058 1421 2125 inerme

291 2163 623 2250 impellebant“‚
657 2173 743 2251 quae
773 2147 892 2229 ultime
924 2165 1028 2230 verbe
1056 2163 1204 2229 fortasse
1229 2167 1308 2230 sunt
1331 2185 1419 2230 oom-

294 2269 447 2358 perends
469 2292 544 2335 cum
567 2267 695 2334 dnobus
718 2268 962 2354 Lucenilocis
1091 2281 1093 2286 ’

376 2421 409 2488 l)
428 2419 552 2473 Eandem
571 2419 647 2473 verbi
666 2419 745 2472 vellis
764 2418 988 2486 significationem
1009 2420 1159 2473 invenimus
1178 2421 1207 2472 in
1226 2419 1278 2473 line
1298 2419 1421 2492 eiusdem
1476 2403 1478 2407 ἵ

296 2509 370 2562 Hirti
390 2509 513 2577 cepitis,-
535 2508 583 2561 ubi
602 2509 734 2576 scriptum
753 2509 883 2575 legimus:
914 2517 988 2575 „tum
1014 2508 1123 2562 interim
1142 2507 1297 2563 Pharnaces
1323 2507 1421 2563 eodem

295 2597 391 2666 gradu,
411 2614 464 2665 quo
483 2599 511 2650 in
530 2598 678 2665 proclivem
697 2596 878 2651 descenderet
902 2597 1015 2663 vallem,
1042 2597 1190 2652 ascendere
1216 2589 1346 2652 adversus
1377 2613 1422 2651 er·

291 2687 375 2740 duum
395 2689 490 2740 collem
503 2687 645 2740 instructis
659 2687 744 2754 copiis
759 2687 874 2754 coepit“.
912 2685 984 2738 Illud
1005 2703 1074 2754 „quo
1093 2687 1120 2738 in
1140 2687 1288 2756 proclivem
1307 2685 1419 2740 descen·

291 2761 372 2830 deret
390 2776 518 2842 vellem“‚
546 2775 618 2844 quod
644 2793 702 2828 cum
723 2776 869 2830 Duebnero
898 2782 926 2830 et
944 2775 1112 2844 Nipperdeio
1131 2776 1245 2844 scripsi,
1274 2774 1421 2843 haudque-

293 2881 375 2934 quam
395 2865 434 2918 sic
453 2871 496 2918 est
514 2863 654 2918 traditum.
693 2864 820 2932 Plerique
840 2865 911 2918 enim
928 2864 1051 2918 codicum
1071 2863 1191 2930 tradunt,
1213 2866 1325 2932 „quoin
1339 2881 1421 2934 proe-

292 2954 359 3006 lium
378 2952 559 3008 descenderet
577 2953 701 3018 vellem“,
722 2952 794 3020 quod
807 2969 889 3008 sensu
906 2969 1000 3007 cerere
1013 2970 1091 3006 nemo
1105 2970 1159 3006 non
1172 2953 1253 3008 videt.
1288 2955 1308 3004 V
1322 2952 1421 3020 trudit,

294 3041 367 3109 quod
386 3048 428 3096 est
448 3042 540 3110 peius,
571 3043 688 3110 „quoin
708 3043 807 3095 bellum
821 3041 1007 3112 ,descenderet
1025 3043 1156 3110 vellem“‚
1187 3043 1259 3096 UFH
1278 3043 1326 3098 alii
1346 3059 1421 3112 „quo

295 3137 473 3199 praeruptam
493 3132 521 3183 in
539 3131 674 3199 proelium
687 3130 867 3186 descenderet
879 3131 1004 3198 vellem“‚
1025 3147 1084 3184 cum
1101 3123 1208 3184 unus‘D
1223 3131 1325 3198 tradet,
1344 3131 1434 3200 quod,

288 3215 428 3288 'explicari
447 3225 553 3288 potest:
577 3220 651 3288 „Quo
664 3221 692 3272 in
705 3227 883 3289 praeruptam
897 3219 1077 3274 descenderet
1089 3220 1212 3274 vellem“.
1251 3220 1320 3288 Quid
1333 3221 1422 3288 igitur

294 3308 476 3363 iudicabimus
496 3308 530 3363 de
549 3315 609 3363 toto
627 3309 679 3362 hoo
697 3309 777 3364 loco?
815 3309 878 3362 Sine
898 3309 981 3363 dubio
999 3310 1028 3364 in
1040 3311 1087 3362 illo
1101 3310 1268 3378 ,‚proelium“
1289 3316 1423 3378 corrupte

295 3415 313 3450 a
342 3398 482 3467 plerisque
509 3397 612 3453 tradito
641 3399 710 3452 latet
740 3399 918 3464 adiectivum,
951 3415 1004 3466 quo
1034 3399 1187 3467 explicatur
1218 3399 1422 3452 substantivum

295 3487 435 3555 „vellem“.
474 3486 553 3554 Quod
580 3503 639 3541 cum
666 3495 740 3540 recle
767 3488 939 3555 intellegeret
965 3488 1055 3544 scriba
1081 3487 1182 3542 codicis
1201 3489 1241 3555 D,
1270 3486 1422 3541 secundum

294 3574 363 3628 illud
384 3581 551 3644 „praerupte
570 3577 656 3629 velle“
678 3575 881 3646 supradictum
902 3577 1013 3644 scripsit
1033 3583 1228 3645 „praeruptam
1246 3577 1275 3630 in
1292 3576 1421 3644 vallem“‚

293 3665 367 3718 UFH
386 3680 450 3718 vero
470 3664 608 3718 referendi
627 3672 692 3718 sunt
710 3664 746 3718 ad
764 3665 792 3717 id
811 3668 1034 3734 manuscriptum,
1056 3665 1128 3732 quod
1141 3675 1252 3734 praeter
1264 3667 1422 3737 illamlcor-

292 3754 431 3823 ruptelem
451 3756 495 3822 „in
513 3755 663 3822 proelium“
684 3756 901 3822 suprascriptam
920 3757 1039 3809 servavit
1059 3755 1251 3820 coniecturam,
1271 3754 1343 3810 unde
1361 3755 1423 3809 fec·

293 3850 350 3898 tum
370 3850 420 3912 est,
449 3851 480 3897 ut
499 3849 645 3910 utrumque
664 3843 778 3898 efferret
796 3844 825 3897 in
843 3849 929 3898 textu.
968 3843 1039 3911 Quid
1056 3845 1141 3913 igitur
1160 3849 1203 3898 est
1221 3843 1422 3899 scribendum?

288 3934 402 3986 Dixerit
429 3934 563 4004 quispiam
590 3934 691 4002 optime
720 3937 930 4003 „praeruptem“
959 3934 1126 4002 respondere
1153 3941 1182 3987 et
1199 3933 1292 3988 sensui
1310 3939 1338 3986 et
1355 3934 1422 3987 loco

293 4023 438 4092 superiori.
471 4029 508 4075 At
522 4021 593 4090 squid
612 4021 732 4077 dicemus
752 4022 786 4076 de
798 4023 847 4076 ille
860 4023 1019 4092 corruptele
1040 4023 1082 4090 „in
1097 4023 1274 4092 proelium?“
1307 4022 1423 4090 Optime

294 4128 354 4165 mee
374 4105 482 4180 quidem
501 4113 637 4166 sententie
657 4113 784 4180 cognovit
802 4111 960 4181 Nipperdey
986 4113 1014 4165 in
1043 4113 1085 4166 his
1104 4113 1193 4166 verbis
1220 4112 1308 4165 latere
1327 4110 1422 4166 ediec·

292 4201 376 4260 tivum
395 4202 540 4270 proclivis,
567 4202 639 4270 quod
658 4203 829 4270 aptissimum
855 4207 897 4256 est
916 4201 951 4255 ad
975 4219 1084 4256 sensum
1103 4200 1309 4271 exprimendum
1326 4217 1424 4269 neque

292 4290 423 4346 audacius
450 4298 492 4346 est
518 4291 619 4345 dictum
645 4308 725 4359 quam
748 4290 818 4345 illud
845 4300 1012 4361 „praerupte
1039 4276 1157 4346 vellist
1183 4291 1226 4344 Sic
1253 4291 1277 4344 is
1306 4307 1423 4360 quoque

291 4381 368 4434 locus
388 4387 430 4435 est
449 4365 572 4449 exemplo
591 4381 667 4434 verbi
685 4380 764 4434 vallis
784 4397 838 4434 non
857 4382 970 4448 proprio
990 4397 1070 4434 sensu
1090 4380 1162 4434 dicti.
