3138 5178
623 515 840 586 -75-.

171 689 321 756 fortasse
355 711 423 755 non
458 693 511 755 est
545 689 690 756 alienum
723 689 875 756 conicere
898 687 1015 754 Tacito
1052 687 1149 754 illum
1186 688 1296 754 locum

171 817 246 861 esse
270 795 531 878 obversatum1).

260 899 386 966 Cacsar
415 899 597 966 Brundisio
632 922 706 965 curn
739 899 890 967 exercitu
927 897 1101 986 profectus
1137 900 1295 964 transve-

170 1005 266 1072 hitur
287 1005 430 1070 navibus
454 1004 498 1070 ad
521 1025 614 1070 oram
637 1004 841 1091 oppositam,
879 1006 918 1069 ut
949 1001 991 1070 dc
1015 1024 1141 1068 summa
1162 1001 1295 1090 imperii

172 1110 324 1176 decertet
346 1131 420 1176 cnm
442 1109 612 1196 Pompeio.
664 1109 758 1176 Mare
780 1109 871 1175 iacet
893 1131 1020 1174 summa
1042 1107 1297 1196 tranquillitate

169 1214 338 1303 placidum
362 1215 442 1280 Luc.
461 1216 573 1281 V434
585 1236 656 1302 sqq.

260 1359 408 1424 aequora
428 1337 526 1405 lenta
548 1339 668 1416 iacent,
694 1338 765 1404 alto
789 1347 927 1423 torpore
950 1336 1080 1422 ligatae

259 1442 433 1530 pigrius
455 1443 649 1508 immotis
673 1441 811 1509 haesere
833 1440 1013 1527 paludibus
1036 1439 1155 1507 undae.

171 1565 258 1632 Tum
290 1565 334 1631 ad
366 1563 600 1652 explicandum
634 1567 774 1631 verbum
806 1564 915 1652 pigri,
955 1563 1103 1630 fortasse
1138 1563 1296 1649 Vergilio

172 1676 313 1737 auctore
337 1669 522 1756 (Hostias),
563 1669 660 1736 addit
693 1669 899 1757 „Bosporum
935 1669 1182 1756 astringentem
1215 1668 1296 1754 Scy-

172 1775 282 1841 thicas
305 1775 443 1856 undas“‚
467 1797 541 1840 cum
568 1775 781 1857 „immensum
807 1773 889 1860 gelu
911 1773 1043 1858 tegitur
1068 1776 1190 1840 mare“.
1237 1773 1296 1840 Ce-

172 1884 287 1946 terum
312 1881 444 1968 „piger“
472 1885 547 1945 erat
570 1881 643 1946 tum
666 1880 801 1942 ἐπίθετον
825 1881 983 1946 constans
1003 1879 1148 1946 extremi
1163 1878 1296 1945 Oceani.

173 1985 326 2051 Alteram
343 1984 455 2050 Taciti
466 1983 680 2063 Germaniae,
704 2005 802 2070 quam
819 2005 985 2064 vocamus,
1011 1983 1120 2050 locum
1142 1982 1225 2070 (cap.
1242 1983 1298 2068 45)

173 2089 215 2155 de
237 2089 325 2154 mari
347 2092 443 2156 trans
467 2089 604 2154 Sitones
628 2089 713 2154 sito:
753 2088 881 2172 „Trans
905 2087 1041 2155 Sitones
1074 2088 1167 2154 aliud
1196 2109 1297 2180 mare,

174 2194 309 2282 pigrum
345 2215 384 2260 ac
418 2216 521 2280 prope
555 2194 760 2271 immotum“.
820 2191 919 2259 Hunc
953 2192 1155 2261 Germaniae
1189 2192 1298 2260 locum

174 2299 350 2386 respicere,
375 2299 637 2386 descriptionem
654 2298 754 2364 maris
772 2299 1060 2385 septentrionalis,
1085 2298 1172 2386 quod
1187 2297 1300 2364 adluit

175 2425 270 2470 oram
280 2403 481 2498 Britanniae
497 2403 627 2469 insulae
643 2401 800 2490 quodque.
813 2387 1050 2470 commemorat
1072 2403 1144 2491 ipse
1159 2403 1299 2470 Tacitus

175 2508 269 2575 vitae
291 2508 473 2594 Agricolae
496 2529 567 2595 cap.
593 2508 650 2574 10:
686 2509 823 2590 „Mare
847 2508 1015 2596 pigrum
1046 2530 1085 2574 ac
1115 2529 1220 2596 grave
1244 2531 1296 2573 re-

175 2612 382 2700 migantibus
414 2613 596 2700 perhibent
626 2635 668 2680 ne
695 2613 808 2680 ventis
831 2612 965 2700 quidem
986 2611 1125 2700 perinde
1149 2612 1296 2694 attolli“,

176 2717 292 2784 docuit
319 2719 557 2786 Reitzenstein
567 2715 602 2804 Ξ).
650 2717 763 2784 Verba
793 2717 905 2784 Taciti
938 2717 1107 2783 simillima
1137 2739 1210 2783 esse
1232 2717 1297 2781 Lu-

183 2827 389 2834 ---·—--—-—-.-—

247 2845 293 2926 ⁴1)
322 2861 471 2912 (testantur
498 2858 571 2928 apud
590 2859 714 2912 Taciturn
734 2858 837 2912 Galbae
866 2864 893 2911 et
911 2858 1020 2912 Pisonis
1046 2859 1138 2926 capita
1163 2875 1214 2926 per
1239 2858 1299 2913 vias

175 2947 269 3002 urbis:
289 2947 372 3015 (Hist.
386 2949 396 2999 1
410 2947 457 3017 44)
478 2947 621 3016 „Praefixa
634 2948 721 3001 contis
736 2949 861 3016 capita
875 2947 1117 3014 gestabantur
1135 2947 1299 3013 intersigna

177 3037 328 3091 cohortium
353 3037 432 3090 iuxta
457 3037 577 3104 aquilam
602 3038 744 3106 legionis“.
783 3037 913 3089 Similiter
942 3037 1014 3104 apud
1040 3037 1182 3090 Lucanum
1201 3027 1242 3089 bi's
1262 3034 1299 3088 vi·

177 3125 271 3179 demus
291 3126 443 3194 11116011)

335 3233 434 3286 colla
453 3233 549 3286 ducum
570 3233 626 3300 pilo
646 3233 782 3300 trepidam
801 3239 950 3300 gestata
968 3248 1018 3300 per
1037 3232 1132 3284 urbem

336 3328 364 3376 et
383 3322 472 3376 medio
492 3328 621 3390 congesta
639 3321 701 3374 foro

178 3419 206 3465 et
226 3411 264 3464 lX
279 3415 327 3465 137
642 3416 799 3479 gestata
819 3427 869 3478 per
887 3411 981 3464 urbem

335 3517 398 3554 ora
417 3501 502 3566 ducis,
524 3516 594 3568 quae
612 3499 744 3554 transfixo
764 3501 892 3554 sublimia
910 3500 967 3567 pilo
986 3489 1109 3553 vidimus

136 3669 139 3674 f
179 3606 233 3668 Sed
251 3609 319 3661 nibil
339 3608 407 3662 certi
427 3607 459 3662 de
487 3609 529 3662 bis
549 3606 637 3661 audeo
656 3605 747 3662 dicere
765 3607 841 3661 locis.
880 3606 983 3673 Quodsi
1002 3607 1114 3661 Tacitus
1132 3605 1203 3660 Hist.
1218 3605 1303 3660 11184
1407 3623 1413 3630 ·

179 3696 283 3751 inducit
312 3697 411 3751 milites
440 3697 578 3752 dicentes:
616 3697 778 3766 „Proprium
806 3711 866 3750 esse
897 3697 991 3750 militis
1019 3695 1101 3750 decus
1132 3695 1160 3748 in
1189 3695 1300 3749 caruis:

180 3786 280 3839 illam
292 3787 460 3854 patriam,
479 3787 566 3840 illos
580 3787 747 3854 penates“,
768 3785 896 3839 Lucanus
907 3801 970 3838 vero
981 3785 1139 3854 Pompeium
1149 3785 1226 3854 (VllI
1239 3784 1303 3852 131)

600 3895 689 3948 tenuit
708 3900 817 3947 nostros
836 3894 888 3946 bac
908 3892 1002 3947 obside
1021 3894 1125 3947 Lesbos

325 3983 454 4051 affectus;
473 3984 532 4037 hic
551 3999 659 4036 sacra
678 3981 800 4037 domus
821 3983 974 4049 carique
992 3989 1145 4050 penates

323 4075 381 4127 hic
401 4073 487 4126 mihi
506 4073 613 4127 Roma
631 4072 719 4139 fuit,

181 4180 314 4234 eiusmodi
338 4182 392 4235 loci
417 4179 491 4249 apud
509 4179 577 4234 duos
604 4186 731 4234 auctores
757 4186 785 4234 et
804 4185 928 4234 oratores
948 4195 1002 4232 non
1028 4186 1092 4232 sunt
1118 4176 1303 4246 comparandi,

180 4286 241 4323 cum
260 4286 426 4324 communem
445 4271 603 4324 contineant
622 4270 785 4323 sententiam
804 4275 953 4322 oratorum.

174 4411 178 4416 .
270 4359 298 4428 2)
317 4360 334 4413 l.
354 4359 371 4412 l.
391 4377 417 4428 p.
432 4363 483 4413 264
503 4359 676 4412 Graece'hoc
696 4363 738 4412 est
755 4367 880 4430 πεπηγυῖα
900 4358 941 4412 vel
960 4360 1036 4429 νεκρὰ
1054 4357 1174 4410 θάλασσα.
