3138 5178
208 1569 284 1639 Hoc
313 1571 476 1660 opusculo
510 1593 679 1661 exponere
712 1571 796 1640 mihi
827 1572 1007 1661 proposui,
1042 1593 1128 1662 quae
1155 1572 1247 1641 ratio

119 1675 316 1744 intercedat
337 1675 431 1746 inter
453 1677 611 1754 Tacitum
630 1699 745 1745 rerum
766 1675 996 1746 Romanarum
1019 1679 1080 1746 sub
1102 1677 1248 1767 impora-

118 1779 256 1848 toribus
286 1783 460 1869 gestarum
490 1781 690 1873 scriptorem
711 1780 989 1854 florentissimum
1018 1785 1054 1850 et
1075 1781 1248 1852 Lucanum

120 1883 335 1953 celeberrimi
364 1885 522 1954 carminis
554 1884 645 1974 quod
673 1889 727 1955 est
757 1885 910 1954 debello
934 1885 1142 1958 civiliintar
1164 1885 1249 1956 Cae·

120 2011 231 2057 sarem
253 1993 291 2057 et
309 1988 504 2078 Pompeium
526 1994 625 2080 gesto
647 1993 832 2059 auctorem.
871 1989 969 2076 Quod
991 1993 1175 2081 antequem
1196 1992 1248 2060 in·

120 2091 253 2183 cipiam,
277 2116 335 2164 eos
358 2095 460 2180 locos,
483 2095 604 2184 quibus
616 2094 896 2165 'lucitusLucani
924 2095 1129 2165 montionem
1150 2095 1246 2181 facit,

120 2200 270 2280 afferam,
293 2203 334 2267 ut
348 2201 469 2289 quanti
478 2200 606 2281 lvirum,
631 2200 753 2290 quanti
773 2203 910 2289 poetam
925 2200 1047 2269 feccrit
1070 2204 1247 2291 appareat

209 2304 498 2374 Commemoratur
525 2311 568 2375 ut
595 2305 839 2374 coniurationis
862 2305 1064 2375 Pisonianae
1095 2305 1247 2376 conscius

119 2410 265 2500 primum
288 2411 377 2478 Ann.
392 2409 461 2479 XV
468 2413 515 2488 ‚49
527 2411 567 2500 ¹):
593 2416 649 2498 ¹,et
671 2410 827 2478 Lucanus
845 2410 1008 2479 Annaeus
1023 2411 1248 2500 Plautiusque

121 2513 312 2584 Lateranus
334 2515 451 2585 vivida
473 2515 546 2584 otia
567 2515 722 2585 intulere.
763 2513 935 2584 Lucanum
950 2517 1111 2605 propriae
1125 2537 1247 2585 causae

122 2619 359 2703 accendebant,
392 2621 482 2709 quod
503 2620 629 2689 famam
650 2621 836 2688 carminum
858 2620 930 2688 aius
954 2623 1130 2710 premebat
1151 2619 1247 2689 Naro

121 2723 410 2815 prohibueratque
433 2729 625 2809 ostentare,
648 2711 769 2795 'vanus
792 2724 1068 2810 adsimulatione3
1103 2725 1246 2795 Latera·

121 2851 200 2896 num
231 2829 400 2898 consulem
431 2830 646 2919 designatum
675 2829 772 2898 nulla
800 2830 945 2914 iniuria,
982 2829 1042 2898 sed
1072 2829 1248 2899 amorrei

121 2933 275 3022 publicae
298 2935 472 3005 sociavit“.
495 2935 615 3004 »Vides
637 2957 738 3024 quam
759 2936 878 3004 acerba
900 2934 1007 3025 primo
1031 2935 1150 3004 statim
1171 2935 1246 3004 loco

121 3039 276 3108 ardorem
299 3039 368 3107 odii
390 3039 485 3108 futili
507 3062 627 3114 causam
650 3043 815 3130 opponat:
839 3045 951 3129 poeta,
975 3039 1034 3129 qui
1048 3040 1247 3112 defensores

121 3142 172 3211 rei
199 3143 355 3233 publicae
385 3143 541 3213 laudibus
573 3144 748 3213 extulerat
778 3143 875 3213 nulla
904 3145 978 3234 ipso
1008 3144 1061 3212 rei
1091 3145 1247 3232 publicae

122 3271 201 3317 cura
232 3248 354 3316 ductus
390 3249 549 3317 iniuriam
581 3251 625 3317 ab
658 3249 789 3318 aemulo
823 3252 996 3338 acceptam
1028 3250 1247 3338 persequitur

121 3375 227 3444 neque
250 3356 390 3442 praeter
421 3375 483 3422 sua
504 3353 609 3442 ipsius
631 3353 780 3437 carmina
812 3353 994 3443 quidquam
1023 3354 1155 3442 cogitat
1186 3363 1267 3436 auc,
1380 3416 1387 3426 e

120 3457 268 3546 respicit.
312 3457 444 3550 Iterum
469 3462 752 3526 commemoratur
782 3458 961 3547 patefacta
989 3457 1057 3524 iam
1090 3459 1246 3525 coniura-

122 3561 213 3629 tione
234 3563 324 3630 Ann.
347 3561 415 3631 XV
429 3564 488 3631 ὅθι
523 3586 561 3649 ,a
589 3563 710 3652 quibus
733 3563 890 3631 Lucanus
914 3563 1187 3653 Quintianusque
1210 3568 1247 3632 ot

123 3665 258 3734 Senecio
270 3666 329 3735 diu
340 3669 502 3752 abnuere;
519 3672 599 3757 post
608 3667 987 3758 promissaimpunitate
1000 3669 1166 3758 corrupti,
1178 3691 1245 3758 quo

122 3770 321 3840 tarditatem
333 3776 541 3848 excusarent.
552 3773 707 3841 Lucanus
715 3773 861 3841 Atiliam
870 3778 1013 3842 matrem
1025 3795 1128 3854 suam,
1141 3772 1246 3856 Quin·

121 3876 233 3944 tianus
258 3875 404 3944 Glitium
419 3878 557 3945 Gallum
580 3929 588 3944 .
606 3930 613 3944 .
632 3928 639 3945 .
663 3878 911 3947 nominavere“.
955 3879 1089 3946 Rursus
1105 3877 1246 3948 Tacitus

121 4003 211 4050 more
227 4065 228 4074 ἵ
244 4003 306 4049 suo
338 3981 404 4070 ipsi
425 3982 617 4051 narrationi
650 3981 810 4051 iudicium
832 4005 900 4050 non
922 3981 1035 4066 addit,
1070 3973 1246 4070 subiungit

208 4195 236 4266 1)
262 4193 353 4249 Taciti
369 4195 454 4249 verba
472 4193 558 4251 affero
577 4193 725 4252 secundum
743 4195 892 4262 editionem
911 4210 928 4249 a
947 4195 1050 4250 Ioanne
1062 4195 1182 4250 Mueller
1199 4211 1244 4250 cu·

121 4289 207 4338 ratam
226 4300 307 4352 quam
326 4285 427 4339 iterum
444 4285 580 4340 inlunem
599 4283 686 4340 edidit
703 4283 818 4354 Lipsiae
836 4290 865 4340 et
876 4283 1057 4340 vindobonae
1075 4284 1154 4339 annis
1175 4287 1244 4340 1902

122 4378 148 4426 et
166 4376 242 4428 1906.

147 4477 257 4557 tethea.
445 4459 449 4468 ¹
1020 4466 1032 4515 l
