3138 5178
694 435 1025 554 ⁸-rt--

294 701 296 726 l
354 649 473 748 posuit
510 648 650 729 Tacitus
691 683 816 752 „neque
853 662 968 730 tamen
1010 661 1236 730 indecornm“.
1297 662 1531 730 Contrane

355 758 509 853 proximo
541 766 757 834 loco‘utitur
779 767 921 836 ratione.
966 767 1102 836 Iudicat
1124 765 1306 834 Sallustius
1338 766 1432 834 Cat.
1467 767 1521 831 25

349 870 398 938 de
431 869 644 958 Sempronia:
681 873 918 959 „ingenium
952 873 1045 940 cius
1068 869 1189 941 vhand
1218 872 1518 952 absurdum“‚

356 998 455 1065 quam
477 977 683 1044 sententiam
699 979 838 1045 verbum
853 977 894 1045 de
911 980 1015 1046 verbo
1033 977 1215 1067 exscripsit
1229 977 1375 1044 Tacitus
1397 976 1516 1043 Ann.

358 1081 449 1154 XJII
465 1083 517 1165 45,
541 1083 600 1148 ubi
621 1081 795 1150 inducitur
818 1083 977 1172 Poppaea
995 1079 1130 1166 Sabina,
1153 1084 1190 1150 in
1205 1083 1306 1150 cuius
1328 1084 1515 1150 moribus

350 1186 577 1282 depingendis
610 1189 856 1256 obversabatur
887 1186 1021 1256 auctori
1051 1187 1115 1255 illa
1145 1186 1303 1256 Sallustii
1325 1187 1513 1276 Sempro-

349 1291 433 1359 niae
454 1293 581 1378 imago:
616 1313 745 1375 „sermo
768 1293 869 1386 comis
891 1313 954 1362 nec
975 1289 1205 1360 absurdum
1227 1292 1508 1380 ingenium“.

355 1395 446 1464 Hist.
469 1395 593 1463 11162
626 1400 716 1466 voro'
732 1397 918 1485 scripserat
942 1397 984 1465 de
1005 1397 1113 1465 Fabio
1137 1397 1295 1464 Valenti}
1335 1419 1506 1485 „procax

328 1501 504 1587 „moribus
535 1523 643 1589 neque
674 1502 889 1569 absurdus
905 1501 1091 1590 ‚ingenio
1114 1500 1237 1568 famam
1269 1501 1503 1568 urbanitatis

355 1627 417 1694 per
438 1605 611 1673 lasciviam
637 1609 787 1696 petere“,
820 1607 878 1674 ubi
908 1605 996 1674 illud
1029 1605 1214 1692 „absurdus
1247 1606 1408 1690 ingenio“
1438 1629 1503 1673 re-

351 1712 484 1800 spicere
499 1710 745 1779 Sallustianum
761 1711 889 1779 dictum
903 1712 1001 1778 modo
1017 1711 1160 1779 allatum
1182 1711 1258 1778 luce
1276 1713 1329 1778 est
1345 1710 1497 1778 clarius.

359 1815 427 1882 Sed
448 1818 533 1883 beno
556 1815 698 1884 adverte
721 1817 879 1896 animum,
897 1819 1043 1904 ‚quanta
1065 1820 1143 1883 arte
1165 1839 1245 1882 usus
1268 1817 1315 1883 sit
1334 1815 1497 1882 Tacitus,

314 1921 317 1940 ⁵
354 1921 450 1988 Bene
465 1922 692 1989 concinuisset
706 1943 782 1988 cum
799 1921 950 1988 eins'usu
965 1921 1107 2004 dicendi,
1132 1921 1252 1988 sicum
1273 1920 1494 1989 nominasset

358 2047 506 2112 „procax
538 2028 685 2094 moribus
715 2034 751 2094 et
781 2025 926 2094 absurdo
960 2026 1127 2112 ingenio“,
1163 2047 1228 2114 quo
1259 2025 1358 2092 modo
1392 2024 1492 2092 haud

357 2151 435 2198 raro
458 2130 542 2198 duas
574 2131 750 2218 coniungit
771 2153 881 2198 voees.
927 2129 995 2198 Sed
1016 2131 1180 2209 consulto,
1213 2129 1344 2197 seilicet
1366 2133 1407 2196 ut
1431 2151 1490 2196 ac-

357 2235 586 2308 commodaret
609 2238 714 2304 verba
735 2235 844 2324 priori
866 2237 1014 2302 membro
1052 2257 1198 2324 „procax
1217 2234 1386 2302 moribus“
1412 2257 1487 2299 mu-

353 2340 450 2409 tavit
471 2339 628 2408 Sallustii
640 2340 786 2407 dictum.
1134 2334 1137 2340 ’

442 2445 595 2513 Proximi
618 2444 763 2533 exempli
794 2447 991 2512 auctorest
1014 2443 1141 2513 Livius.
1190 2444 1355 2528 „Vastum
1378 2440 1483 2508 silen-

359 2551 464 2616 tium“
490 2548 715 2638 compluribus
737 2549 820 2617 locis
844 2570 865 2616 a
888 2548 1007 2616 Tacito
1034 2545 1220 2636 repetitum
1241 2547 1339 2635 (Agr.
1364 2545 1413 2628 38,
1437 2547 1481 2631 85

355 2655 448 2722 Hist.
476 2654 533 2720 III
558 2656 617 2735 133
649 2653 737 2722 Anu.
765 2655 818 2720 IV
841 2655 884 2720 50
917 2654 1013 2741 alibi)
1051 2677 1111 2720 nos
1150 2653 1308 2720 admonet
1345 2652 1480 2720 Liviani

351 2759 403 2846 (X
426 2760 481 2847 34)
518 2759 666 2844 „deinde
701 2763 741 2826 ut
776 2759 1002 2826 silentium
1025 2762 1197 2827 'vastum
1231 2758 1267 2823 in
1300 2759 1383 2824 urbe
1414 2780 1479 2824 nec

351 2887 452 2932 arma
472 2888 535 2932 nec
556 2866 648 2933 viros
672 2865 707 2930 in
730 2864 881 2931 turribus
905 2885 943 2930 ac
966 2864 1072 2932 muris
1096 2863 1194 2946 vidit,
1226 2862 1361 2929 avidum
1382 2863 1477 2930 iuva-

358 2969 460 3037 dendi
493 2970 629 3037 deserta
661 2961 793 3036 moenia
826 2969 979 3035 militem·
1003 2967 1135 3036 detinet
1160 2972 1238 3034 ...“
1251 2968 1283 3056 1).
1331 2967 1477 3050 Quodsi

249 3059 251 3064 ¹
355 3075 445 3140 Anu.
469 3073 526 3141 ΙΠ
548 3075 570 3139 4
590 3073 781 3142 invenitur:
819 3073 929 3160 „Dies
963 3095 1028 3161 quo
1063 3073 1227 3160 reliquiae
1261 3073 1389 3140 tumulo
1422 3073 1474 3137 in-

354 3180 567 3263 ferebantur,
600 3179 697 3246 modo
727 3181 802 3267 per
826 3177 1054 3263 silentium
1079 3181 1247 3261 vastae,
1280 3177 1374 3245 modo
1400 3177 1471 3265 plo·

358 3285 491 3352 ratibus
514 3285 665 3373 inquies“
700 3307 743 3352 ne
772 3283 827 3351 hio
850 3283 983 3371 quidem
1014 3283 1107 3350 locus
1139 3283 1220 3370 quin
1252 3286 1346 3350 ortus
1367 3282 1408 3349 sit
1429 3305 1470 3348 ex

355 3389 501 3456 Liviano
525 3390 675 3480 dubitari
696 3390 821 3478 potest,
857 3388 917 3456 sed
937 3411 1062 3455 novum
1086 3392 1199 3476 atque⁴
1213 3387 1412 3474 singularem
1432 3389 1467 3454 iu

357 3495 490 3562 modum
524 3493 687 3561 aTaoito
710 3493 881 3562 variatum
914 3494 1200 3581 interpretamur:
1248 3493 1347 3576 „Dies
1376 3492 1464 3559 modo

350 3603 457 3676 ‚vasto
482 3599 618 3666 silentio
641 3599 777 3687 quietus
807 3602 885 3666 erat
909 3602 1000 3682 ...“„
1032 3620 1118 3686 quae
1150 3589 1340 3664 sententiae
1361 3597 1463 3684 expla-

272 3699 275 3704 ’
356 3705 449 3772 natio
472 3704 724 3771 commendatur
744 3707 782 3770 et
803 3703 998 3771 verisimilis
1020 3704 1062 3769 fit
1083 3703 1196 3770 altera
1227 3707 1327 3790 parte
1358 3703 1460 3787 „modo

306 3871 307 3874 ,
352 3809 549 3897 ploratibus
565 3809 728 3896 inquies‘s,
745 3809 864 3896 quibus
878 3808 993 3876 verbis
1009 3807 1215 3874 contrarium
1229 3807 1351 3895 prioris
1364 3808 1461 3895 partis

361 3913 503 4002 exprimi
524 3935 767 4001 supervacuum
790 3916 843 3980 est
868 3913 990 3982 dicere.
1325 3896 1331 3908 ’

450 4074 476 4142 1)
494 4073 603 4127 Livium
623 4073 752 4126 Lucanus
780 4087 888 4140 quoque
915 4072 1071 4140 respexisse
1099 4072 1207 4127 videtur
1234 4077 1338 4126 mutato
1362 4087 1459 4127 numero

352 4161 521 4217 substantivi
539 4162 576 4230 (V
595 4165 658 4228 508)

566 4250 686 4320 „Caesar
704 4250 823 4306 sollicito
841 4267 892 4320 per
910 4257 989 4306 vasta
1008 4251 1118 4306 silentia
1137 4267 1234 4320 gressu

569 4341 614 4394 vix
632 4341 743 4394 famulis
763 4341 889 4396 audenda
907 4342 1016 4410 parat“‚
1035 4340 1108 4395 alibi.
