3138 5178
585 507 801 572 „744-

129 667 290 765 meretur,
308 687 391 770 quot
402 682 513 750 clades
526 683 667 771 populus
678 685 850 753 Romanus
865 686 933 753 iam
948 687 1117 774 acceperit
1135 710 1156 755 a
1172 687 1258 756 Ger·

128 785 246 852 manis.
293 787 370 853 Non
393 810 463 854 esse
484 787 623 856 idoneas
647 789 707 857 has
733 789 845 858 clades
874 791 918 857 od
941 792 1167 860 accendendos
1190 794 1259 862 Ro·

128 912 304 958 manorum
334 893 472 961 animos.
524 893 608 959 Tum
648 893 763 962 deesse
796 895 886 982 apud
918 896 1074 964 Tacitum
1104 901 1255 983 verbum,

130 996 220 1082 quod
252 997 456 1085 respondeat
479 998 605 1066 Lucani
634 1003 781 1084 „actus“‚
815 1001 903 1067 unde
927 1003 1029 1089 sequi,
1063 1005 1103 1068 ut
1125 1002 1257 1092 duplice

128 1123 265 1168 munere
277 1102 442 1189 fungatur
454 1106 594 1172 verbum
606 1106 857 1192 „urgentibns“‚
874 1129 948 1189 uno,
967 1129 1032 1194 quo
1049 1109 1257 1196 exprimatur

128 1206 204 1274 feta
237 1230 360 1294 urgere
392 1195 597 1292 Germanos,
636 1210 762 1287 altero,
802 1210 890 1298 quod
924 1213 1085 1299 exprimit
1117 1217 1256 1282 verbum

129 1315 265 1394 „aetus
285 1313 375 1401 apud
387 1313 565 1381 Lucanum.
605 1315 694 1399 „Das
709 1315 823 1382 maoht
839 1316 894 1382 die
907 1316 1074 1384 Parallele
1089 1319 1256 1386 zwisehen

127 1417 250 1484 Lokan
272 1418 339 1484 und
357 1420 496 1486 Tacitus
520 1443 556 1486 so
581 1420 807 1508 kompliziert,
831 1420 896 1487 dass
920 1444 955 1487 es
979 1421 1062 1488 doch
1086 1423 1176 1492 wohl
1199 1446 1254 1511 ge·

127 1525 264 1614 rateuer
286 1524 342 1606 ist,
367 1548 433 1591 von
455 1525 511 1590 ihr
534 1525 724 1593 abzusehen
747 1526 816 1592 und
840 1526 899 1592 das
916 1525 1060 1592 Vorbild
1084 1528 1144 1594 der
1160 1529 1255 1596 Taci-

127 1628 279 1694 teischen
302 1627 485 1717 Wendung
517 1631 553 1695 in
588 1631 665 1697 den'
691 1630 764 1697 drei
801 1631 916 1717 ltingst
952 1630 1253 1719 herangezogenen

126 1731 372 1801 Liviusstellen
397 1759 439 1800 zu
462 1735 602 1816 sochen,
638 1759 689 1804 wo
712 1736 776 1804 wir
809 1739 954 1824 urgente
977 1737 1051 1805 fato
1085 1737 1166 1804 oder
1197 1762 1251 1805 ur·

127 1839 286 1923 gentibus
310 1839 394 1907 fatis
418 1840 542 1921 lesen“‚
568 1863 651 1928 quos
673 1840 764 1908 looos
781 1841 878 1907 modo
894 1841 1101 1908 rettulimus.
1142 1842 1253 1924 Quare

68 2003 70 2007 .
131 1945 351 2032 „urgentibus
381 1944 514 2032 imperii
545 1946 648 2012 fetis“
684 1945 772 2012 idem
795 1968 868 2012 esse
898 1949 1000 2033 atque
1036 1948 1253 2034 „urgentibus

130 2049 306 2137 imperium
330 2049 443 2133 fatis“‚
469 2051 684 2118 referendum
716 2051 824 2136 igitur
854 2072 927 2118 esse
950 2050 1060 2116 fatum
1083 2050 1128 2116 ad
1150 2052 1253 2139 impe-

127 2154 214 2219 rium
237 2155 442 2221 Romanum:
470 2156 623 2239 „iiberall
645 2157 701 2222 bei
716 2154 854 2222 Tacitus
877 2154 946 2221 und
959 2154 1091 2242 Vergil,
1116 2179 1168 2225 wo
1191 2156 1254 2228 wir

126 2258 236 2326 fatum
259 2260 341 2327 oder
363 2261 438 2328 fata
461 2261 523 2328 mit
546 2262 654 2328 einem
669 2261 809 2329 Genitiv
833 2261 1030 2328 verbunden
1052 2261 1182 2342 findens
1197 2263 1252 2328 be-

128 2365 282 2432 zeichnet
311 2366 420 2434 dieser
443 2367 576 2448 Kasos,
611 2390 710 2434 wenn
740 2388 818 2433 man
849 2388 916 2434 von
940 2365 1164 2452 Wendungen
1187 2368 1252 2435 wie

127 2471 202 2536 fata
226 2471 338 2555 deum,
369 2471 444 2539 fata
466 2473 559 2539 Iovis
582 2472 730 2554 absieht,
755 2470 922 2558 diejenige
946 2470 1089 2554 Person,
1114 2469 1168 2537 die
1189 2472 1250 2539 das

128 2573 302 2644 Schicksal
333 2577 455 2644 trifft“.
502 2577 558 2643 Ad
588 2578 749 2658 alterum,
787 2575 876 2664 quod
905 2575 1038 2663 profert
1060 2575 1249 2662 Andresen,

130 2687 365 2765 argumentum
387 2682 450 2748 hoo
472 2683 603 2765 addam,
628 2681 787 2749 Taciteae
809 2681 975 2748 brevitati
998 2680 1088 2747 haud
1106 2681 1252 2748 alienum

131 2783 284 2852 futurum
307 2779 422 2871 luisse,
449 2787 479 2853 si
502 2788 670 2854 omisisset
692 2789 832 2854 verbum
858 2788 992 2870 „actus“
1018 2786 1152 2853 etiamsi
1168 2787 1250 2853 alio·

129 2889 210 2976 quin
232 2893 438 2978 respexisset
455 2893 634 2960 Lucanum.
680 2891 747 2959 Sed
769 2892 805 2956 in
827 2892 1021 2958 universum
1042 2891 1116 2978 ipsa
1138 2892 1187 2959 sic
1210 2891 1250 2959 de

126 2994 189 3062 hoo
212 2999 248 3062 et
270 2998 434 3065 similibus
456 2998 539 3064 locis
563 2998 690 3064 iudico:
717 2996 878 3065 Videmus
903 2997 1029 3064 dictum
1051 2997 1141 3062 haud
1163 3019 1250 3064 oom-

126 3124 225 3168 mune
241 3102 429 3190 aVergilio
446 3103 621 3170 inventum
637 3101 820 3170 transferri
835 3101 878 3167 ad
895 3123 961 3183 eos,
978 3103 1036 3188 qui
1051 3104 1249 3189 sequuntur,

126 3211 300 3291 auctores,
335 3209 377 3274 of.
405 3208 504 3295 Verg.
529 3207 615 3273 Aen.
638 3208 755 3274 11653
785 3207 913 3292 (agitor
942 3204 982 3272 de
1005 3207 1124 3274 Aenea
1152 3206 1250 3272 domo

125 3313 280 3399 profuge,
305 3335 403 3401 quem
424 3322 580 3379 moratur
596 3313 758 3380 Anchises
782 3315 901 3400 pater;
924 3311 954 3377 is
978 3311 1064 3377 enim
1086 3314 1191 3398 negat
1215 3334 1250 3378 se

126 3416 295 3484 domicilio
320 3441 378 3485 suo
403 3441 475 3485 esse
499 3417 739 3503 excessurum:
1095 3435 1097 3438 ·

147 3563 207 3606 nos
231 3545 352 3608 eontra
375 3541 475 3608 effusi
497 3542 645 3609 lacrimis
670 3541 878 3628 coniunxque
902 3538 1030 3606 Creusa

149 3645 381 3734 Ascaniusque
406 3647 511 3714 omnis
536 3648 662 3730 domus,
686 3669 728 3712 ne
751 3650 887 3715 vertere
911 3667 1022 3712 secum

148 3759 269 3818 cuncta
285 3754 384 3838 pater
407 3752 593 3844 fatoque
614 3750 829 3840 urguenti
852 3749 1209 3838 incumberevellet1),

126 3895 225 3959 quem
253 3874 409 3940 ultimum
440 3896 575 3942 versum
598 3875 647 3941 sic
670 3859 820 3961 explieat
841 3851 1020 3960 Forbiger:
1053 3873 1148 3940 ultro
1173 3895 1248 3960 ope-

124 3999 197 4044 ram
214 3978 303 4062 dare,
328 3983 366 4046 ut
389 3980 496 4066 magis
520 3980 622 4046 etiam
642 3983 774 4066 urgeat,
797 3979 938 4067 ideoque
961 3978 1146 4045 instantem
1170 4001 1248 4066 per·

218 4157 243 4224 l)
271 4155 312 4209 cf.
335 4157 413 4223 l'erg.
431 4156 501 4210 Aen.
520 4155 546 4208 X
564 4159 617 4210 624
643 4154 711 4210 tolle
739 4155 805 4223 fuga
824 4155 946 4209 Turnum
972 4159 1055 4222 atque
1080 4154 1247 4209 instantibus

683 4246 760 4314 eripe
778 4245 853 4313 fatis,

503 4335 541 4389 XI
561 4337 621 4402 537?
640 4334 707 4389 satis
726 4341 840 4406 urgetur
858 4335 974 4389 acerbis.
