3138 5178
593 517 807 582 ..65„.

224 687 382 756 Ceterum
404 689 448 756 ad
471 711 527 756 eos
549 689 617 756 iem
644 689 795 756 venimus
816 689 923 772 locos,
960 711 1043 777 quos
1074 694 1113 756 ut
1136 689 1259 757 exhau-

136 793 223 860 riam
245 793 424 862 materiam
449 794 576 862 afferre
597 817 666 861 non
689 793 859 874 omittam,
896 794 1030 862 etiamsi
1059 795 1128 861 sint
1150 795 1259 862 incer·

135 898 269 966 tissimi.
316 899 426 966 Orant
448 899 536 986 apud
559 898 730 965 Lucanum
761 899 833 985 (III
848 899 911 964 307
924 900 1010 987 sqq.)
1032 899 1260 968 Massilienses
1325 958 1328 963 .

137 1002 332 1086 Caesarem,
365 1006 404 1069 ut
427 1026 520 1070 suam
543 1006 661 1071 urbem
690 1005 852 1090 effugium
876 1026 949 1072 esse
972 1007 1152 1090 pateretur
1174 1004 1258 1072 viris

135 1108 225 1175 bello
259 1109 353 1175 civili
386 1109 487 1176 fessis
519 1131 604 1176 neve
634 1131 713 1176 suae
746 1109 883 1177 civitati
905 1109 1052 1176 inferret
1067 1109 1259 1183 tumultum
1324 1128 1327 1132 ’

135 1219 172 1280 et
196 1214 319 1281 bellum
342 1213 419 1299 (333
436 1215 520 1300 sqq.)

224 1328 271 1393 sit
292 1327 386 1394 locus
412 1331 618 1415 exceptus
642 1327 805 1394 sceleri
827 1327 1017 1416 Magnoque
1039 1329 1171 1416 tibique

222 1435 328 1514 totns,
352 1435 394 1499 nt
414 1432 564 1500 invictae
585 1433 696 1530 fatum
719 1433 749 1500 si
772 1431 927 1498 consulat
950 1433 1034 1514 urbi,

223 1536 362 1605 foedera
385 1539 414 1604 si
437 1538 603 1624 placeant,
627 1538 760 1624 sitque
785 1537 931 1604 veniatis
955 1539 1110 1606 inermes

135 1650 284 1736 Agitant
316 1651 409 1718 inter
443 1673 478 1718 se
509 1651 670 1717 Britanni
702 1650 791 1738 apud
820 1651 975 1718 Tacitum
1006 1651 1105 1738 (Agr.
1129 1652 1183 1737 15)
1218 1651 1259 1719 de

135 1755 233 1822 malis
250 1757 439 1840 servitutis
461 1756 658 1840 „conferunt
670 1757 809 1824 iniurias
827 1760 863 1824 et
873 1756 1132 1846 interpretando
1143 1779 1258 1825 accen-

136 1859 253 1942 dunt“,
285 1861 431 1944 scilicet,
465 1884 547 1950 quas
570 1861 773 1945 allemania
797 1864 1016 1949 acceperant:
1055 1861 1169 1946 ,Nihil
1190 1861 1259 1928 iam

135 1965 333 2054 cupiditati,
371 1965 456 2032 nihil
479 1964 611 2032 libidini
647 1969 854 2053 exceptum“.
913 1967 998 2032 Mire
1032 1968 1258 2044 consentiunt,

135 2070 269 2138 etiamsi
284 2071 354 2137 sint
370 2070 504 2138 diverso
521 2071 613 2138 dicta
629 2094 736 2152 sensu,
754 2074 867 2154 verba,
885 2072 939 2138 cui
951 2071 1082 2138 accedit
1093 2073 1152 2154 rei,
1169 2071 1259 2160 quod

135 2174 225 2260 apud
255 2180 436 2263 utrumque
459 2176 588 2242 inserta
617 2177 696 2242 sunt
726 2177 889 2259 orationi;
925 2175 1014 2263 quod
1036 2199 1101 2264 quo
1125 2177 1259 2265 saepius
1315 2259 1317 2265 k
1355 2193 1358 2197 ’

137 2282 294 2346 occurret
316 2281 412 2346 nobis
435 2282 472 2346 in
495 2280 651 2366 opusculo
668 2281 883 2364 conficiendo,
908 2303 946 2347 eo
962 2281 1179 2348 verisimilius
1196 2282 1258 2348 fiet

135 2381 310 2450 Lucanum
333 2384 383 2451 his
408 2386 510 2451 etiam
533 2384 615 2452 locis
642 2385 813 2471 exemplar
835 2385 939 2452 fuisse
963 2385 1083 2452 Taciti.
1107 2424 1150 2434 -

224 2487 332 2578 Saepe
364 2489 453 2576 apud
475 2489 646 2554 Lucanum
679 2489 830 2556 videmus
860 2491 1038 2556 coniuncta
1067 2512 1259 2577 synonyma

139 2592 255 2675 „furor
277 2595 313 2658 et
335 2594 478 2672 rabies“,
502 2596 542 2658 ut
564 2593 634 2659 Vll
650 2595 712 2659 551

139 2715 222 2798 ,hic
244 2715 386 2798 furor,
410 2715 473 2781 hic
495 2717 658 2797 rabies,
683 2716 736 2782 hic
754 2720 833 2782 sunt
849 2716 1076 2796 tuacrimina‚
1101 2715 1259 2800 Caesar“,
1317 2778 1321 2785 .

135 2837 195 2902 ubi
228 2837 415 2923 proximum
451 2837 536 2904 illud
577 2837 691 2923 „ignes
723 2839 841 2904 animis
873 2838 1100 2926 flagrantibus
1131 2838 1259 2923 addit“‚

136 2940 227 3028 quod
251 2963 353 3030 supra
375 2928 714 3025 commemoravimus,
738 2946 890 3009 testatur
913 2948 1023 3009 totum
1044 2943 1131 3010 huno
1150 2944 1261 3011 locum

136 3049 177 3112 ut
191 3049 304 3113 totum
320 3047 441 3112 librum
455 3046 582 3114 Lucani
598 3034 775 3133 septimum
790 3048 1004 3114 notissimum
1017 3047 1136 3114 Tacito
1152 3048 1259 3115 fuisse

136 3155 173 3216 et
195 3152 438 3238 gratissimum.
485 3151 570 3244 Tum
593 3151 633 3216 de
664 3173 776 3218 amore
800 3152 956 3219 Caesaris
985 3153 1021 3217 in
1044 3151 1261 3240 Cleopatram

139 3277 277 3323 accenso
302 3256 427 3323 dicitur
451 3257 498 3340 (X
513 3257 569 3339 72)
1149 3323 1156 3364 ἡ

303 3380 339 3444 in
361 3377 472 3445 media
493 3378 614 3446 rabie
637 3379 812 3466 medioque
835 3379 989 3447 furore
1014 3431 1096 3445 ...

239 3483 377 3550 admisit
400 3483 566 3550 Venerem
589 3483 686 3566 curia,
887 3481 890 3487 ’

139 3596 298 3664 similiter
320 3598 354 3664 X
369 3597 433 3663 529
491 3612 497 3620 “

67 3722 69 3729 ’
444 3702 592 3780 sednon
614 3706 754 3769 auctore
777 3702 949 3769 furoris

199 3861 201 3865 .
241 3807 375 3873 sublato
399 3807 519 3874 cecidit
542 3807 721 3874 rabies“.

136 3946 287 4024 abnuistis,
308 3933 473 4000 sacramenti
489 3947 649 4014 religionem
668 3947 815 4015 rupistis“,
840 3947 888 4001 ubi
908 3949 1049 4015 „proiecta
1068 3956 1179 4002 senatus
1199 3965 1261 4002 auc·

136 4035 252 4089 toritas“
272 4051 367 4088 rursus
388 4034 513 4088 similiter
525 4042 568 4089 est
581 4035 682 4090 dictum
698 4042 782 4103 atque
800 4034 874 4104 apud
886 4036 994 4090 Livium
1012 4037 1105 4106 (1127.
1119 4040 1163 4106 11)
1183 4054 1262 4106 „pro-

136 4125 237 4178 iectum
254 4124 399 4177 consulare
412 4125 582 4192 imperium“.
613 4124 656 4178 Ad
676 4125 758 4179 verba
780 4125 934 4194 „egregiam
953 4124 1016 4179 duci
1034 4133 1125 4180 vestro
1145 4127 1261 4194 gratiam

136 4212 281 4278 refertis“,
308 4213 355 4266 ubi
380 4214 505 4280 egregius
533 4230 583 4282 per
601 4213 717 4268 ironiam
743 4213 817 4283 apud
836 4213 961 4268 Tacitum
986 4231 1041 4268 non
1059 4214 1260 4282 infrequentem

136 4301 246 4369 dicitur,
267 4302 414 4355 Furneaux
435 4302 542 4356 confert
561 4303 665 4370 Vergili
684 4305 750 4356 Aen.
770 4303 808 4356 IV
822 4306 855 4356 93
882 4306 1044 4372 „egregiam
1063 4319 1126 4358 vero
1152 4303 1261 4357 laudem

136 4397 166 4444 et
185 4391 274 4460 spolia
292 4391 384 4458 ampla
401 4390 539 4444 refertis“.
583 4448 586 4459 „
1328 4383 1332 4392 ’

163 4496 274 4544 Robbert.
701 4541 704 4548 ,
1030 4487 1045 4534 5
