3138 5178
579 532 796 600 ..43-

6 701 13 738 ;·
126 729 246 773 norum
277 707 590 796 apud'Cremonam
620 709 667 774 sit
689 708 872 778 instructa:
907 708 1064 790 „Tertiae
1095 708 1250 775 decumae
1279 713 1281 718 '

15 809 16 812 ’
128 812 272 900 legionis
295 813 473 897 vexillum,
496 813 669 902 'quattuor
692 813 896 882 auxiliorum
919 813 1074 882 cohortes
1098 817 1134 882 et
1156 813 1251 902 quin-

128 918 224 1004 genti
247 918 375 1006 equites
398 919 434 984 in
450 919 589 986 sinistro
605 919 779 1004 locantur;
803 941 962 1006 aggerem
978 920 1053 987 viae
1068 923 1138 988 tres
1154 941 1251 1007 prae·

128 1022 238 1090 toriae
270 1023 423 1090 cohortes
455 1024 536 1090 altis
568 1023 738 1091 ordinibus
769 1025 962 1108 obtinuere,
993 1024 1115 1092 dextra
1138 1024 1252 1091 fronte

128 1129 238 1214 prima
269 1127 358 1213 legio
388 1129 527 1196 incessit
549 1151 622 1196 cum
644 1129 774 1197 duabus
804 1115 1024 1196 auxiliaribus
1047 1129 1251 1210 cohortibus,

129 1237 166 1300 et
189 1234 383 1322 quingentis
415 1234 583 1322 equitibus
609 1286 718 1301 .....
725 1238 739 1270 “
786 1235 911 1318 Nemo,
946 1235 1098 1324 quamvis
1130 1235 1254 1302 leviter

128 1341 283 1425 attingat
305 1340 423 1422 locum,
447 1361 515 1406 non
530 1340 660 1407 videbit
686 1340 970 1425 „dextrafronte“
995 1339 1050 1407 hic
1071 1341 1161 1407 idem
1179 1364 1252 1407 esse

128 1466 168 1511 ac
195 1444 333 1529 ,dextro
357 1437 497 1529 latere“‚
524 1445 665 1528 ,dextro
688 1449 821 1513 cornu“.
869 1447 977 1529 Quam
1000 1447 1254 1534 interpretatio-

130 1573 206 1616 nem
231 1551 325 1617 verbi
347 1551 472 1618 frontis
497 1553 647 1638 exemplo
678 1574 719 1618 ex
746 1552 818 1640 ipso
842 1552 977 1644 Lucano
1008 1552 1114 1618 allato
1138 1575 1271 1642 possu-⁴

128 1679 203 1722 mus
226 1656 435 1723 confirmare.
473 1656 543 1724 VII
559 1658 623 1724 217
634 1679 704 1744 sqq.
735 1657 858 1724 instrui
870 1658 1027 1744 ⁴videmus
1051 1657 1164 1740 aciem,
1189 1680 1255 1745 qua

128 1761 284 1828 ultimam
308 1762 543 1829 commissurus
566 1769 640 1829 erat
664 1785 812 1849 pugnam
836 1761 1027 1849 Pompeius:

173 1908 294 1952 cornus
317 1885 382 1951 tibi
404 1907 486 1961 cura
509 1886 647 1968 sinistri,

173 1990 329 2073 Lentule,
355 1993 567 2079 cumprime,
592 2014 678 2081 quae
700 1995 773 2058 tum
796 1992 865 2059 fuit
888 1993 1015 2080 optima
1037 1989 1136 2074 bello,

174 2103 208 2165 et
235 2103 359 2188 quarta
382 2100 514 2185 legione
537 2097 663 2183 datur,
680 2099 745 2165 tibi
767 2099 900 2166 numine
923 2121 1059 2193 pugnax

174 2207 315 2275 adverso
340 2207 478 2291 Domiti,
503 2207 657 2274 dextri
679 2207 805 2274 frons
829 2207 1003 2275 tradita
1026 2207 1196 2274 Martie.

174 2314 211 2378 at
233 2312 334 2380 medii
358 2315 462 2380 robur
487 2313 568 2380 belli
590 2313 780 2379 fortissima
803 2312 947 2380 densant

174 2417 309 2503 agmina
333 2469 440 2486 .....

215 2540 263 2606 Et
286 2541 375 2630 apud
388 2540 541 2608 Tacitum
568 2539 700 2625 „dextri
714 2541 808 2608 frons
820 2539 961 2610 Martis“
987 2563 1092 2610 cornu
1114 2540 1251 2608 sinistro

130 2645 327 2732 opponitur,
361 2650 401 2714 ut
423 2646 524 2714 facile
547 2645 728 2732 intellegas
760 2647 910 2715 frontem
942 2645 993 2713 hic
1014 2646 1103 2713 idem
1126 2646 1251 2732 signifi·

130 2771 207 2816 care
244 2751 332 2838 quod
366 2773 476 2818 cornu.
534 2751 608 2833 Qua
642 2756 784 2838 propter
815 2751 906 2819 haud
933 2774 1040 2839 prave
1071 2752 1251 2818 conicimus

132 2854 287 2920 Tacitum
320 2855 408 2921 hunc
441 2879 538 2922 usum
560 2858 657 2924 verbi
685 2857 810 2925 frontis
845 2857 1023 2944 sumpsisse
1057 2879 1078 2923 a
1105 2855 1250 2940 Lucan0,

131 2982 216 3046 quae
249 2960 390 3027 fulcitur
422 2962 533 3050 opinio
560 2984 599 3028 ea
622 2985 676 3043 re,
710 2961 800 3051 quod
823 2962 954 3051 saepius
978 2963 1092 3030 hausit
1114 2961 1251 3028 Tacitus

130 3089 149 3131 e
171 3065 333 3131 thesauro
356 3065 436 3132 libri
460 3067 603 3155 septimi,
634 3091 698 3155 quo
722 3070 882 3134 narratur
904 3089 1017 3156 pugna
1040 3065 1252 3134 adPharsa-

129 3170 199 3236 lum
222 3170 325 3237 facta.
371 3171 426 3238 Sic
458 3172 645 3254 interdum,
680 3173 769 3260 quod
800 3172 975 3240 contendit
1006 3170 1251 3254 Reitzenstein,

134 3273 291 3341 Lucanus
314 3277 397 3342 bene
421 3275 516 3344 valet
538 3276 582 3343 ad
605 3277 899 3365 interpretandum
921 3277 1077 3344 Tacitum
1088 3277 1122 3363 ¹).

190 3479 191 3483 ’
222 3487 248 3554 1)
267 3485 391 3540 Eandem
412 3489 574 3542 sententiam
593 3505 681 3558 nuper
700 3490 859 3559 prolocutus
882 3495 924 3544 est
944 3487 1084 3544 Andrcsen
1104 3487 1137 3542 de
1156 3487 1253 3542 Tacito

130 3581 159 3628 et
179 3575 255 3629 hiric
275 3578 304 3648 (l.
326 3577 365 3645 1.).
402 3577 453 3630 Hic
472 3579 555 3632 etiam
574 3579 701 3634 conferas
719 3580 808 3645 velim,
827 3578 899 3647 quod
918 3577 1064 3632 decadem
1083 3593 1114 3632 re
1132 3578 1185 3632 iam
1205 3577 1253 3632 du-

129 3664 193 3718 dum
211 3666 323 3734 scripsit
340 3665 460 3735 Norden,
479 3668 582 3722 Antike
601 3668 776 3737 Kunstprosa
794 3669 808 3721 I
825 3686 851 3737 p.
872 3671 922 3723 331
943 3668 1005 3723 adn.
1027 3672 1057 3722 4:
1084 3667 1149 3738 „Bei
1168 3683 1254 3736 sugn-

128 3754 266 3808 steisohcn
286 3754 418 3809 Dichtern
436 3756 495 3809 lasst
514 3757 572 3810 sich
591 3757 773 3826 gelegentlich
793 3758 853 3812 eine
871 3758 962 3830 ἀπορία
982 3773 1031 3811 aus
1046 3756 1157 3811 Tacitus
1176 3758 1253 3811 ldsen

130 3843 187 3897 und
204 3845 373 3912 umgekehrt.
411 3846 492 3914 Verg.
514 3851 580 3901 Aen.
594 3847 632 3922 VI
646 3850 697 3901 302
716 3847 776 3917 ipse
795 3847 926 3918 (Charon)
946 3854 1033 3901 ratem
1052 3853 1131 3901 conto
1151 3846 1253 3915 subigit

129 3932 251 4000 velisque
270 3933 424 3988 ministrat:
445 3936 529 3992 schor
548 3936 657 3991 Servius
677 3935 803 4004 zweifelt,
824 3937 858 3990 ob
878 3936 1044 3994 velisDativ
1063 3935 1129 3990 oder
1143 3936 1254 3989 Ablativ

129 4021 183 4089 sei,
209 4021 268 4076 also
288 4022 322 4074 ob
350 4038 396 4090 ,er
414 4022 525 4077 bedisnt
543 4023 587 4079 dic
604 4025 699 4094 Segel“
728 4025 795 4080 oder
821 4042 867 4095 „cr
891 4024 1001 4080 bedient
1027 4024 1076 4080 das
1096 4023 1182 4078 Schiff
1205 4025 1254 4078 mit

130 4110 183 4165 dcn
203 4110 347 4179 Segeln“..
365 4112 439 4166 Alles
460 4114 564 4182 spricht
583 4112 628 4167 fur
648 4114 699 4170 den
718 4115 838 4181 Ablativ,
863 4117 995 4169 zunschst
1013 4115 1057 4168 die
1075 4113 1254 4169 Konzinnittt

131 4201 179 4255 des
198 4203 372 4271 Ausdrucks,
403 4202 446 4257 die
465 4204 558 4272 Vergil
578 4205 770 4258 nachweislich
789 4205 852 4258 sehr
871 4205 952 4271 liebt,
979 4202 1083 4259 sodann
1102 4202 1146 4257 die
1164 4203 1252 4258 Nach-

132 4292 251 4361 ahmung
270 4293 373 4347 sowohl
393 4293 440 4347 des
456 4293 513 4347 Val.
528 4293 618 4348 Flacc.
638 4293 679 4346 III
691 4297 725 4348 38
746 4295 822 4364 ,ipse
840 4300 929 4348 ratem
947 4300 1027 4348 vento
1047 4293 1187 4361 stellisque
1206 4293 1253 4346 mi·

131 4383 248 4438 nistrat“
277 4384 317 4438 als
344 4384 414 4439 auch
441 4382 588 4439 besonders
614 4384 658 4439 die
684 4383 731 4439 des
757 4386 868 4441 Tacitus
894 4383 983 4440 Germ.
1003 4387 1038 4439 44
1065 4400 1162 4453 „nares
1186 4383 1253 4437 uelis
