3138 5178
421 495 776 563 ·-1s-

95 671 188 740 tulit
209 673 377 762 Koechly,
408 673 569 762 probavit
590 671 768 744 Woelfflin
777 672 821 758 ¹),
855 694 929 740 cum
960 673 1091 742 dieeret
1113 672 1227 743 Germ.
1336 745 1339 751 ,

32 811 34 815 v
96 777 143 846 15
167 799 232 866 pro
257 777 378 862 ,electi
395 778 482 867 equi,
503 799 629 867 magna
643 781 758 846 arme“
784 799 858 846 esse
871 777 1083 846 scribendum
1108 777 1228 863 ,electi

96 882 190 970 equi,
213 881 360 971 iusignia
381 887 516 966 anma“,'
530 882 687 971 primum,
710 883 802 972 quod
815 885 921 952 verba
945 905 1088 970 ,magua
1110 885 1224 951 arma“

96 987 268 1078 explicari
300 1009 368 1056 non
399 990 548 1076 possent,
583 986 673 1076 quod
706 993 943 1075 argumentum
975 1009 1118 1078 pravum
1153 1011 1228 1058 esse

96 1096 196 1181 puto,
220 1102 303 1169 tum,
327 1091 417 1181 quod
440 1093 636 1176 Sallustius,
655 1116 768 1182 ¹quem
789 1094 957 1183 respicere
980 1093 1137 1162 Tacitum
1159 1117 1228 1168 ma

97 1198 266 1265 nifestum
281 1201 388 1289 'esset
411 1197 604 1287 scripsisset
625 1198 727 1282 (Hist.¹
744 1199 854 1282 1163)
878 1220 984 1287 ,equo
998 1203 1104 1287 atque
1124 1199 1228 1267 armis

97 1296 325 1392 insignibust.
370 1301 448 1370 Non
478 1324 566 1392 nego
588 1304 679 1391 apud
700 1303 836 1372 Livium
859 1307 897 1372 et
918 1302 1076 1372 Curtium
1098 1303 1228 1372 Rufum

99 1405 273 1476 interdum
294 1406 507 1476 coniunctum
530 1407 676 1494 inveniri
701 1430 832 1496 ,equos
855 1407 1004 1496 insignia
1019 1411 1146 1491 erma“,
1168 1431 1227 1476 ue·
1361 1417 1364 1431 “

98 1536 168 1602 que
189 1517 305 1582 tamen
326 1512 450 1581 fulcire
471 1513 533 1581 hos
555 1513 648 1581 locos
665 1512 809 1584 illorum
828 1514 1033 1582 sententiam
1048 1514 1227 1582 contendo.

99 1618 194 1700 Quin
225 1619 330 1686 etiam
360 1618 467 1706 ipsius
489 1618 602 1686 Taciti
632 1619 745 1687 verbis
767 1617 870 1706 (Hist.
893 1617 992 1704 188)
1028 1619 1230 1708 ,conspicua

100 1744 206 1805 arma,
238 1724 389 1810 insignes
421 1724 543 1812 equos“
578 1723 724 1792 indicari
754 1745 882 1807 censeo,
917 1722 954 1791 id
985 1724 1076 1813 quod
1105 1747 1167 1811 per
1190 1745 1227 1791 se

100 1828 277 1916 probabile
299 1831 361 1910 eet,
385 1849 452 1894 non
479 1850 611 1914 semper
633 1827 790 1896 Tacitum
811 1828 1017 1898 adiectivum
1042 1828 1223 1916 ,insignis“

102 1933 316 2000 coniunxisse
349 1955 424 2000 oum
456 1933 672 2002 substantivo
697 1936 854 2016 ',orma“¹
906 1934 1030 2022 Itaque
1064 1933 1096 2000 si
1127 1931 1227 2000 modo

101 2039 272 2106 muamus
305 2035 446 2126 aliquid,
479 2037 690 2106 scribendum
717 2038 866 2106 fortasse
897 2041 951 2105 est
983 2060 1058 2105 cum
1079 2037 1226 2105 Meisero
1256 2050 1259 2059 “

105 2142 302 2230 ,magnifica
317 2145 444 2226 arme“,
459 2165 526 2210 non
540 2142 685 2210 licenter
694 2142 893 2211 mutandum
908 2143 1012 2211 estin
1027 2142 1225 2231 ,iusignia“.
1255 2191 1258 2200 -

100 2245 191 2330 Quid
223 2269 305 2316 vero
339 2250 465 2327 obstat,-
500 2270 542 2314 ne
576 2251 749 2316 vertamus
775 2259 918 2337 ,magua
949 2250 1063 2315 arma“
1086 2245 1123 2314 in
1148 2269 1226 2335 ,ge-

100 2352 243 2441 waltige
265 2351 447 2421 Waffeni“

189 2456 256 2524 Sed
277 2456 343 2524 iam
359 2456 462 2524 redeo
478 2455 523 2524 ad
536 2478 620 2525 rem.
658 2456 734 2545 Ing.
752 2457 792 2523 11
808 2461 883 2524 tres
904 2456 1025 2544 reguli,
1049 2454 1228 2524 Adherbal

35 2584 39 2592 ’
103 2570 138 2629 et
159 2561 335 2650 Hiempsal
356 2562 485 2630 fratres
513 2564 550 2630 et
573 2561 687 2630 frater
710 2581 825 2629 eorum
847 2561 1025 2649 patruelis,
1058 2561 1229 2649 Iugurtha

100 2665 244 2747 nomine,
278 2667 393 2754 paucis
426 2665 543 2734 diebus
576 2670 656 2756 post
690 2671 832 2735 mortem
856 2666 1019 2756 Micipsae
1048 2665 1161 2754 patris
1190 2665 1226 2732 in

102 2795 205 2838 unum
235 2774 475 2849 convenerunt,
510 2775 570 2856 ,ut
591 2771 684 2839 inter
706 2793 743 2840 se
764 2771 807 2839 de
828 2771 959 2839 cunctis
980 2770 1130 2860 negotiis
1154 2768 1222 2837 dis-

103 2879 290 2965 ceptarent.
347 2875 415 2943 Sed
446 2875 623 2965 Hiempsal
740 2875 993 2963 ignobilitatem
1025 2873 1226 2964 Iugurthae,

104 2981 182 3070 quia
203 2983 403 3048 materno
427 3003 590 3069 genere
611 2981 749 3067 impar
768 2982 854 3064 erat,
884 2979 1081 3067 despiciens,
1104 2979 1227 3047 dextra

103 3085 329 3154 Adherbalem
351 3085 503 3154 adsedit“
516 3085 551 3170 Ι).
589 3084 687 3168 Quod
711 3086 740 3153 si
763 3085 903 3152 Tacitus
925 3083 1012 3153 dicit
1034 3084 1076 3152 de
1092 3083 1227 3152 Othone

104 3189 205 3278 (Hist
226 3190 340 3280 1150)
376 3194 632 3275 ,maternum
655 3212 787 3276 genus
809 3189 951 3277 impar
980 3211 1089 3277 neque
1111 3193 1228 3258 tamen
1308 3181 1311 3194 ’

103 3295 325 3380 indecorum“,
341 3295 488 3378 videsis,
504 3295 625 3384 quibus
637 3294 768 3362 artibus
777 3293 968 3362 variaverit
976 3293 1116 3361 Tacitus
1129 3316 1226 3361 suum

105 3402 285 3480 auctorem,
308 3422 384 3467 cum
397 3399 529 3466 faceret
551 3421 593 3466 ex
614 3398 675 3464 illo
697 3397 877 3465 masculini
894 3399 1030 3484 generis
1054 3398 1224 3466 adiectivo

109 3505 252 3592 ,impar“
277 3505 486 3572 attributum
499 3503 654 3572 neutrius
669 3503 805 3592 generis
821 3503 1036 3572 coniunctum
1058 3525 1133 3571 cum
1148 3505 1226 3571 sub-

72 3688 74 3694 ,
106 3609 255 3677 stantivo
281 3620 488 3694 ,maternum
509 3612 646 3698 genus“,
679 3607 737 3696 qui
757 3629 801 3674 ne
833 3608 1046 3676 accusativus
1068 3627 1220 3695 graecus,

106 3736 201 3803 quem
223 3735 398 3798 vocamus,
432 3736 505 3782 esse
527 3712 702 3781 videretur
732 3711 922 3799 dependens
952 3711 1225 3780 denominativo

106 3817 278 3887 masculini
303 3807 462 3908 ,impar“,
492 3821 535 3886 ut
563 3817 655 3884 haud
686 3818 800 3904 inepte
823 3816 986 3904 explicari
1006 3819 1143 3905 potest,
1165 3838 1226 3904 ap·

195 4077 222 4146 l)
240 4073 339 4129 Philol.
359 4077 402 4142 26,
421 4091 448 4143 p.
469 4077 530 4129 126.

191 4169 219 4234 2)
239 4163 281 4219 cf.
295 4164 353 4232 lug.
369 4166 433 4218 108:
456 4163 575 4232 ,Dahar,
595 4162 794 4232 Massugradae
806 4162 887 4230 filius,
908 4178 942 4217 ex
955 4167 1036 4231 gente
1050 4160 1225 4227 Masinissae,

108 4261 223 4311 ceterum
240 4259 415 4324 ‚materno
434 4267 566 4321 genere
584 4252 701 4321 impar
729 4253 804 4323 (nam
832 4257 913 4321 peter
940 4251 998 4306 eius
1018 4267 1052 4304 ex
1071 4249 1224 4306 concubina

108 4351 181 4400 ortus
200 4343 281 4414 erat),
300 4343 400 4398 Mauro
419 4341 453 4397 ob
473 4341 566 4410 ingeni
584 4341 671 4396 multa
689 4341 762 4396 bona
779 4356 860 4396 carus
878 4342 1087 4409 acceptusque“.
