3138 5178
595 506 812 574 ..39-

146 682 187 751 de
210 682 271 751 deo
295 683 421 750 dictum
444 687 518 750 erat
541 682 708 762 transfert
731 682 775 750 ad
796 683 1042 770 imperatorem,
1066 681 1118 748 ita
1140 684 1180 747 ut
1196 704 1271 753 eum

147 812 220 855 oum
250 788 311 855 deo
341 791 538 876 comparet,
564 787 676 854 Taciti
705 788 851 862 fortasse
873 809 1018 871 memor;
1053 787 1270 874 nequeenim

147 893 285 960 Tacitus
309 916 351 960 ex
373 893 484 959 Plinio
508 893 653 980 pendere
677 895 800 980 potest.
847 891 912 959 sed
936 892 1043 978 ipsam
1067 891 1270 958 sententiam
1354 933 1355 938 κ

147 1021 220 1065 esse
242 998 465 1068 vetustiorem
495 997 706 1066 demonstrat
729 997 900 1082 LucanuS,
935 997 994 1086 qui
1024 995 1112 1086 quod
1141 997 1176 1062 in
1198 996 1270 1062 uni-

146 1126 279 1173 versum
310 1105 435 1170 dictum
466 1106 542 1187 erat
573 1102 614 1170 de
637 1102 775 1170 deorum
798 1125 880 1170 cura
902 1102 1082 1170 transtulit
1104 1102 1148 1169 ad
1169 1101 1271 1169 liber-

9 1257 21 1284 ρ
87 1289 94 1305 .
146 1212 263 1276 tatem.

234 1313 300 1382 Sed
322 1314 389 1379 iam
412 1313 456 1380 ad
478 1315 571 1380 certa
595 1312 805 1401 veliquidem
820 1313 1018 1380 verisimilia
1038 1312 1273 1402 transgrediar

151 1420 311 1507 exempla.
369 1419 510 1485 initium
544 1418 639 1506 capio
674 1421 715 1486 ab
750 1441 791 1485 ea
812 1418 942 1486 Lucani
973 1418 1129 1486 carminis
1163 1421 1271 1507 parte,

149 1547 247 1613 quam
277 1521 457 1613 plurimum
487 1523 659 1590 imitatum
691 1545 763 1590 esse
786 1523 941 1590 Tacitum
970 1546 1066 1591 nemo
1098 1547 1166 1591 non
1195 1547 1283 1591 con-v
1330 1540 1332 1545 ’

111 1626 119 1636 “
147 1631 282 1712 sentiet,
306 1630 347 1696 ab
373 1629 524 1698 oratione
548 1629 620 1695 dico
646 1627 809 1711 Caesaris,
833 1651 933 1716 quam
956 1629 1077 1696 habuit
1100 1629 1190 1718 apud
1211 1630 1271 1696 mi-

147 1735 227 1803 lites
250 1738 331 1802 ante
353 1756 500 1820 pugnam
515 1733 559 1800 ad
575 1733 774 1807 Pharsalum
790 1733 924 1800 factam.
969 1734 1086 1802 Prima
1108 1734 1270 1808 orationis

149 1842 253 1909 verba
276 1843 356 1906 sunt
378 1840 476 1906 haec:
501 1840 532 1926 (I
548 1840 612 1906 299
625 1844 709 1928 sqq.)

193 1964 359 2032 bellorum
382 1987 400 2030 o
424 1963 513 2043 socii,
538 1963 603 2050 qui
617 1963 710 2030 mille
732 1961 883 2050 pericula
905 1963 1025 2030 Martis

193 2093 330 2151 mecum,
354 2069 415 2152 ait,
440 2069 572 2157 experti
594 2068 756 2136 decimo
779 2069 861 2135 iam
885 2069 1074 2137 vincitis
1098 2091 1222 2154 anne,

149 2194 207 2261 ubi
237 2193 333 2282 quasi
364 2193 561 2280 arrogantia
593 2192 737 2281 quadam
759 2193 845 2258 illud
871 2184 1045 2278 ,vincitis“
1076 2194 1274 2261 enuntiatur
1310 2245 1313 2250 -

151 2323 213 2386 pro
244 2298 446 2386 simpliciore
478 2300 580 2367 verbo
617 2297 803 2382 „bellatis“‚
840 2298 986 2382 ,bellum
1008 2299 1166 2386 geritis“:
1202 2299 1273 2383 ,Me

148 2403 231 2472 duce
255 2426 349 2471 omne
372 2403 498 2470 bellum
521 2406 596 2470 erat
611 2404 786 2471 victoria“.
834 2403 992 2470 Oum'his
1012 2404 1145 2471 confert
1161 2405 1272 2474 verbis

146 2509 381 2576 Reitzenstein
393 2509 416 2595 ¹)
457 2509 629 2577 exordium
669 2508 831 2576 orationis
851 2508 1048 2596 ‘Agricolae
1087 2511 1271 2597 (capuces

150 2615 339 2704 ,Septimus
371 2637 476 2682 annus
500 2618 567 2696 est,
601 2615 859 2697 commilitones,
896 2637 936 2681 ex
966 2637 1030 2702 quo
1061 2618 1179 2683 vestra
1202 2615 1270 2683 vir-

148 2720 259 2803 tute2)
283 2724 318 2787 et
341 2720 500 2808 auspiciis
518 2720 649 2807 imperii
660 2720 813 2800 Romani,
837 2719 904 2786 fide
919 2722 1022 2808 atque
1038 2741 1141 2808 opera
1155 2723 1273 2786 nostra

6 2817 7 2821 ¹
91 2837 93 2840 ’
147 2827 361 2894 Britanniam
383 2826 550 2908 vicistis“,
583 2826 641 2892 ubi
663 2825 859 2923 mutandum
883 2847 955 2893 esse
988 2823 1074 2891 illud
1099 2825 1269 2909 ,vicistis“
1377 2871 1379 2882 ·

147 2934 182 2998 in
209 2932 381 3014 ,vincitis‘
407 2934 443 2997 et
465 2931 540 3018 ipsa
561 2953 648 3017 nego
656 2929 690 3016 3).
735 2930 806 2997 Nec
829 2929 953 3011 minus,
978 2953 1052 2997 cum
1073 2931 1271 3018 respicimus

148 3036 326 3126 Liuianum
349 3035 468 3110 locum,
491 3036 545 3101 IX
562 3037 625 3102 3.2
648 3035 731 3116 dico,
756 3035 814 3101 ubi
835 3035 962 3102 milites
985 3035 1130 3102 Romani
1152 3039 1272 3103 contra

148 3141 316 3209 Samnites
348 3141 514 3207 bellantes
538 3141 585 3206 sic
607 3140 774 3207 fremunt:
806 3140 890 3222 ,Per
913 3133 1023 3206 obices
1045 3141 1188 3225 viarum,
1211 3164 1272 3228 per

149 3247 293 3316 adversa
315 3246 495 3328 montium,
527 3267 589 3333 per
613 3245 732 3328 silvas,
767 3266 834 3332 qua
863 3244 946 3314 ferri
975 3267 1070 3312 arma
1100 3248 1271 3331 poterunt,

152 3375 275 3435 eamus,
299 3351 396 3418 modo
413 3350 457 3417 ad
470 3349 601 3418 hostem
624 3351 800 3438 pervenire
822 3350 938 3432 liceat,
963 3373 1060 3438 quern
1082 3373 1144 3438 per
1167 3373 1271 3418 annos

150 3459 217 3523 iam
240 3479 344 3545 prope
363 3455 511 3543 triginta
527 3455 720 3539 vincimus“,
744 3455 970 3522 confitendum
991 3454 1087 3522 nobis
1110 3460 1163 3522 est
1185 3456 1271 3525 hanc

178 3639 181 3645 “
241 3633 266 3702 1)
286 3632 312 3685 lI
331 3650 357 3702 p.
377 3635 429 3686 266
449 3631 511 3686 adn.
534 3637 544 3684 l
567 3639 594 3685 et
613 3635 629 3684 2
649 3631 684 3686 ci.
704 3630 847 3686 Andresen
866 3631 978 3686 Tacitus
997 3648 1023 3685 u.
1044 3631 1137 3686 Livius
1158 3631 1191 3686 ΙΙ.
1282 3685 1285 3690 ,

237 3727 264 3791 2)
283 3723 394 3775 Virtute
417 3726 445 3775 et
470 3721 600 3789 auspiciis
627 3719 719 3787 codd.;
746 3727 840 3774 vestra
867 3720 969 3775 virtute
995 3721 1064 3774 coni.
1084 3721 1271 3776 Reitzenstein

147 3813 261 3882 (virtute
279 3817 372 3866 vestra
390 3826 467 3878 ausp.
487 3809 653 3880 Nipperdey,
673 3811 783 3876 Halm),

236 3905 265 3971 3)
284 3901 344 3968 Quo
363 3899 443 3954 modo
463 3916 496 3954 ex
514 3900 562 3953 illo
575 3900 721 3967 Agricolae
739 3900 800 3954 loco
819 3906 943 3953 exortum
962 3908 1035 3954 esset
1055 3900 1144 3954 Germ.
1164 3904 1198 3954 37
1220 3917 1270 3970 „ex

148 4008 202 4060 quo
221 3992 245 4044 si
263 3990 299 4045 ad
318 3991 433 4044 alterum
450 3989 624 4058 imperatoris
635 3989 748 4042 Traiani
761 3989 933 4043 consulatum
947 3994 1140 4058 computemus,
1160 3988 1271 4044 ducenti

147 4082 233 4135 ferme
257 4089 284 4134 et
310 4078 402 4134 decem
428 4080 493 4132 anni
519 4079 700 4147 colliguntur:
729 4085 785 4132 tam
811 4077 858 4132 diu
877 4079 1024 4134 Germania
1049 4079 1182 4133 vincitur“
1210 4079 1270 4148 ipse

148 4170 335 4225 Reitzenstein
361 4169 453 4223 docuit
478 4186 504 4237 p.
525 4172 577 4223 266
587 4184 627 4236 sq.
681 4164 811 4224 Consulto
835 4168 879 4221 hic
904 4184 1034 4238 praesens
1060 4174 1167 4238 tempus
1195 4167 1271 4222 adhi-

149 4261 238 4326 betur,
258 4276 318 4313 cum
336 4275 367 4314 re
387 4273 450 4313 vera
463 4259 609 4312 Germania
621 4258 740 4314 nondum
753 4259 789 4312 sit
808 4258 888 4312 victa.
922 4257 1065 4327 Agricolae
1084 4260 1170 4327 magis
1191 4274 1270 4327 quam

149 4349 256 4416 Lucani
274 4350 350 4404 locus
370 4353 433 4402 ante
447 4348 539 4403 oculos
554 4349 579 4402 ei
591 4353 715 4403 versatus
729 4357 779 4416 est,
799 4364 860 4402 cum
872 4348 942 4402 hanc
955 4349 1118 4403 sententiam
1130 4347 1271 4404 scriberet.
