<?xml version="1.0" encoding="UTF-8"?>
<!DOCTYPE html PUBLIC "-//W3C//DTD XHTML 1.0 Transitional//EN"
    "http://www.w3.org/TR/xhtml1/DTD/xhtml1-transitional.dtd">
<html xmlns="http://www.w3.org/1999/xhtml" xml:lang="en" lang="en">
 <head>
  <title>
</title>
<meta http-equiv="Content-Type" content="text/html;charset=utf-8" />
  <meta name='ocr-system' content='tesseract 3.04.00' />
  <meta name='ocr-capabilities' content='ocr_page ocr_carea ocr_par ocr_line ocrx_word'/>
</head>
<body>
  <div class='ocr_page' id='page_1' title='image "./detacitolvcanii00robbgoog_0076.png"; bbox 0 0 3138 5178; ppageno 0'>
   <div class='ocr_carea' id='block_1_1' title="bbox 606 498 829 564">
    <p class='ocr_par' dir='ltr' id='par_1_1' title="bbox 606 498 829 564">
     <span class='ocr_line' id='line_1_1' title="bbox 606 498 829 564; baseline 0.04 -8"><span class='ocrx_word' id='word_1_1' title='bbox 606 498 829 564; x_wconf 79' lang='lat'>...63—</span> 
     </span>
    </p>
   </div>
   <div class='ocr_carea' id='block_1_2' title="bbox 154 669 1286 1492">
    <p class='ocr_par' dir='ltr' id='par_1_2' title="bbox 154 669 1286 1389">
     <span class='ocr_line' id='line_1_2' title="bbox 245 669 1285 759; baseline 0.002 -23"><span class='ocrx_word' id='word_1_2' title='bbox 245 669 377 736; x_wconf 87' lang='lat' dir='ltr'>Primus</span> <span class='ocrx_word' id='word_1_3' title='bbox 392 670 510 757; x_wconf 77' lang='lat' dir='ltr'>igitur,</span> <span class='ocrx_word' id='word_1_4' title='bbox 535 674 699 759; x_wconf 90' lang='lat' dir='ltr'>quantum</span> <span class='ocrx_word' id='word_1_5' title='bbox 713 695 774 740; x_wconf 85' lang='lat' dir='ltr'>nos</span> <span class='ocrx_word' id='word_1_6' title='bbox 794 669 929 758; x_wconf 89' lang='lat' dir='ltr'>quidem</span> <span class='ocrx_word' id='word_1_7' title='bbox 944 671 1105 755; x_wconf 87' lang='lat' dir='ltr'>videmus,</span> <span class='ocrx_word' id='word_1_8' title='bbox 1129 671 1285 738; x_wconf 88' lang='lat' dir='ltr'>Lucanus</span> 
     </span>
     <span class='ocr_line' id='line_1_3' title="bbox 160 775 1286 870; baseline 0.002 -28"><span class='ocrx_word' id='word_1_9' title='bbox 160 796 223 860; x_wconf 89' lang='lat' dir='ltr'>per</span> <span class='ocrx_word' id='word_1_10' title='bbox 245 775 476 862; x_wconf 79' lang='lat' dir='ltr'><strong>metaphoram</strong></span> <span class='ocrx_word' id='word_1_11' title='bbox 508 798 632 844; x_wconf 89' lang='lat' dir='ltr'>annum</span> <span class='ocrx_word' id='word_1_12' title='bbox 655 777 744 844; x_wconf 86' lang='lat' dir='ltr'>dixit</span> <span class='ocrx_word' id='word_1_13' title='bbox 772 798 980 870; x_wconf 73' lang='lat' dir='ltr'>promissae,</span> <span class='ocrx_word' id='word_1_14' title='bbox 1016 776 1124 844; x_wconf 88' lang='lat' dir='ltr'>secuti</span> <span class='ocrx_word' id='word_1_15' title='bbox 1146 781 1226 844; x_wconf 88' lang='lat' dir='ltr'>aunt</span> <span class='ocrx_word' id='word_1_16' title='bbox 1250 782 1286 844; x_wconf 88' lang='lat' dir='ltr'>et</span> 
     </span>
     <span class='ocr_line' id='line_1_4' title="bbox 154 877 1284 968; baseline 0.002 -22"><span class='ocrx_word' id='word_1_17' title='bbox 154 877 290 946; x_wconf 78' lang='lat' dir='ltr'>Statius</span> <span class='ocrx_word' id='word_1_18' title='bbox 313 882 350 946; x_wconf 90' lang='lat' dir='ltr'>et</span> <span class='ocrx_word' id='word_1_19' title='bbox 371 881 520 948; x_wconf 77' lang='lat' dir='ltr'><strong>Tacitus,</strong></span> <span class='ocrx_word' id='word_1_20' title='bbox 566 881 682 950; x_wconf 87' lang='lat' dir='ltr'>Possis</span> <span class='ocrx_word' id='word_1_21' title='bbox 705 881 771 948; x_wconf 86' lang='lat' dir='ltr'>iam</span> <span class='ocrx_word' id='word_1_22' title='bbox 794 902 960 968; x_wconf 88' lang='lat' dir='ltr'>quaerere</span> <span class='ocrx_word' id='word_1_23' title='bbox 982 885 1097 947; x_wconf 86' lang='lat' dir='ltr'>utrum</span> <span class='ocrx_word' id='word_1_24' title='bbox 1113 879 1284 949; x_wconf 86' lang='lat' dir='ltr'>Lucanum</span> 
     </span>
     <span class='ocr_line' id='line_1_5' title="bbox 159 984 1285 1073; baseline 0.004 -23"><span class='ocrx_word' id='word_1_25' title='bbox 159 1005 204 1050; x_wconf 87' lang='lat' dir='ltr'>an</span> <span class='ocrx_word' id='word_1_26' title='bbox 227 984 379 1053; x_wconf 86' lang='lat' dir='ltr'>Statium</span> <span class='ocrx_word' id='word_1_27' title='bbox 402 986 540 1053; x_wconf 80' lang='lat' dir='ltr'>Tacitus</span> <span class='ocrx_word' id='word_1_28' title='bbox 564 991 699 1053; x_wconf 85' lang='lat' dir='ltr'>secutus</span> <span class='ocrx_word' id='word_1_29' title='bbox 723 987 787 1069; x_wconf 88' lang='lat' dir='ltr'>sit,</span> <span class='ocrx_word' id='word_1_30' title='bbox 820 986 976 1073; x_wconf 87' lang='lat' dir='ltr'>quoniam</span> <span class='ocrx_word' id='word_1_31' title='bbox 991 985 1171 1053; x_wconf 79' lang='lat' dir='ltr'>Furnaaux</span> <span class='ocrx_word' id='word_1_32' title='bbox 1193 987 1285 1054; x_wconf 88' lang='lat' dir='ltr'>inter</span> 
     </span>
     <span class='ocr_line' id='line_1_6' title="bbox 155 1090 1285 1180; baseline 0 -22"><span class='ocrx_word' id='word_1_33' title='bbox 155 1090 364 1180; x_wconf 85' lang='lat' dir='ltr'>exemplaria</span> <span class='ocrx_word' id='word_1_34' title='bbox 386 1113 407 1158; x_wconf 87' lang='lat' dir='ltr'>a</span> <span class='ocrx_word' id='word_1_35' title='bbox 430 1090 550 1159; x_wconf 82' lang='lat' dir='ltr'>Tacito</span> <span class='ocrx_word' id='word_1_36' title='bbox 573 1090 728 1158; x_wconf 83' lang='lat' dir='ltr'>adhibita</span> <span class='ocrx_word' id='word_1_37' title='bbox 749 1113 817 1157; x_wconf 90' lang='lat' dir='ltr'>uon</span> <span class='ocrx_word' id='word_1_38' title='bbox 840 1090 954 1176; x_wconf 81' lang='lat' dir='ltr'>deesse</span> <span class='ocrx_word' id='word_1_39' title='bbox 978 1090 1084 1158; x_wconf 86' lang='lat' dir='ltr'>Statii</span> <span class='ocrx_word' id='word_1_40' title='bbox 1106 1091 1198 1157; x_wconf 89' lang='lat' dir='ltr'>locos</span> <span class='ocrx_word' id='word_1_41' title='bbox 1221 1092 1285 1160; x_wconf 86' lang='lat' dir='ltr'>sibi</span> 
     </span>
     <span class='ocr_line' id='line_1_7' title="bbox 155 1195 1281 1284; baseline 0.003 -22"><span class='ocrx_word' id='word_1_42' title='bbox 155 1196 337 1284; x_wconf 78' lang='lat' dir='ltr'>persuasit.</span> <span class='ocrx_word' id='word_1_43' title='bbox 377 1195 450 1280; x_wconf 63' lang='lat' dir='ltr'>Sed</span> <span class='ocrx_word' id='word_1_44' title='bbox 480 1218 521 1263; x_wconf 86' lang='lat' dir='ltr'>ex</span> <span class='ocrx_word' id='word_1_45' title='bbox 552 1217 665 1264; x_wconf 88' lang='lat' dir='ltr'>eorum</span> <span class='ocrx_word' id='word_1_46' title='bbox 694 1218 834 1262; x_wconf 89' lang='lat' dir='ltr'>numero</span> <span class='ocrx_word' id='word_1_47' title='bbox 866 1219 968 1263; x_wconf 92' lang='lat' dir='ltr'>unum</span> <span class='ocrx_word' id='word_1_48' title='bbox 1000 1198 1134 1262; x_wconf 87' lang='lat' dir='ltr'>tantum</span> <span class='ocrx_word' id='word_1_49' title='bbox 1158 1200 1281 1281; x_wconf 88' lang='lat' dir='ltr'>restat,</span> 
     </span>
     <span class='ocr_line' id='line_1_8' title="bbox 155 1299 1054 1389; baseline 0 -23"><span class='ocrx_word' id='word_1_50' title='bbox 155 1300 247 1388; x_wconf 92' lang='lat' dir='ltr'>quod</span> <span class='ocrx_word' id='word_1_51' title='bbox 269 1299 383 1388; x_wconf 85' lang='lat' dir='ltr'>aliqua</span> <span class='ocrx_word' id='word_1_52' title='bbox 406 1323 479 1368; x_wconf 90' lang='lat' dir='ltr'>cum</span> <span class='ocrx_word' id='word_1_53' title='bbox 501 1301 747 1389; x_wconf 74' lang='lat' dir='ltr'>probabilitate</span> <span class='ocrx_word' id='word_1_54' title='bbox 769 1301 822 1368; x_wconf 85' lang='lat' dir='ltr'>ita</span> <span class='ocrx_word' id='word_1_55' title='bbox 844 1300 1054 1386; x_wconf 78' lang='lat' dir='ltr'>explanetur.</span> 
     </span>
    </p>

    <p class='ocr_par' dir='ltr' id='par_1_3' title="bbox 244 1405 1284 1492">
     <span class='ocr_line' id='line_1_9' title="bbox 244 1405 1284 1492; baseline 0.002 -20"><span class='ocrx_word' id='word_1_56' title='bbox 244 1405 347 1472; x_wconf 78' lang='lat' dir='ltr'>Theb.</span> <span class='ocrx_word' id='word_1_57' title='bbox 364 1406 401 1472; x_wconf 96' lang='lat' dir='ltr'>II</span> <span class='ocrx_word' id='word_1_58' title='bbox 418 1406 481 1472; x_wconf 81' lang='lat'>659</span> <span class='ocrx_word' id='word_1_59' title='bbox 506 1406 662 1472; x_wconf 84' lang='lat' dir='ltr'>Chremes</span> <span class='ocrx_word' id='word_1_60' title='bbox 686 1405 787 1490; x_wconf 81' lang='lat' dir='ltr'>Tyrii</span> <span class='ocrx_word' id='word_1_61' title='bbox 810 1405 928 1471; x_wconf 83' lang='lat' dir='ltr'>Cadmi</span> <span class='ocrx_word' id='word_1_62' title='bbox 959 1405 1071 1492; x_wconf 89' lang='lat' dir='ltr'>proles</span> <span class='ocrx_word' id='word_1_63' title='bbox 1094 1405 1284 1486; x_wconf 83' lang='lat' dir='ltr'>Menoetem</span> 
     </span>
    </p>
   </div>
   <div class='ocr_carea' id='block_1_3' title="bbox 155 1510 911 1599">
    <p class='ocr_par' dir='ltr' id='par_1_4' title="bbox 155 1510 911 1599">
     <span class='ocr_line' id='line_1_10' title="bbox 155 1510 911 1599; baseline -0.003 -23"><span class='ocrx_word' id='word_1_64' title='bbox 155 1511 264 1578; x_wconf 82' lang='lat' dir='ltr'>vitam</span> <span class='ocrx_word' id='word_1_65' title='bbox 286 1533 307 1578; x_wconf 91' lang='lat' dir='ltr'>a</span> <span class='ocrx_word' id='word_1_66' title='bbox 331 1534 366 1578; x_wconf 87' lang='lat' dir='ltr'>se</span> <span class='ocrx_word' id='word_1_67' title='bbox 388 1513 562 1599; x_wconf 88' lang='lat' dir='ltr'>petentem</span> <span class='ocrx_word' id='word_1_68' title='bbox 584 1510 636 1576; x_wconf 89' lang='lat' dir='ltr'>his</span> <span class='ocrx_word' id='word_1_69' title='bbox 659 1515 758 1577; x_wconf 88' lang='lat' dir='ltr'>necat</span> <span class='ocrx_word' id='word_1_70' title='bbox 780 1511 911 1577; x_wconf 87' lang='lat' dir='ltr'>verbis:</span> 
     </span>
    </p>
   </div>
   <div class='ocr_carea' id='block_1_4' title="bbox 198 1632 1282 2016">
    <p class='ocr_par' dir='ltr' id='par_1_5' title="bbox 202 1632 815 1721">
     <span class='ocr_line' id='line_1_11' title="bbox 202 1632 815 1721; baseline -0.003 -21"><span class='ocrx_word' id='word_1_71' title='bbox 202 1634 329 1719; x_wconf 78' lang='lat' dir='ltr'>„inanis</span> <span class='ocrx_word' id='word_1_72' title='bbox 354 1632 467 1721; x_wconf 88' lang='lat' dir='ltr'>perdis</span> <span class='ocrx_word' id='word_1_73' title='bbox 492 1685 550 1700; x_wconf 85' lang='lat'>...</span> <span class='ocrx_word' id='word_1_74' title='bbox 574 1634 731 1700; x_wconf 81' lang='lat' dir='ltr'>lacrimas</span> <span class='ocrx_word' id='word_1_75' title='bbox 756 1684 815 1698; x_wconf 92' lang='lat'>...</span> 
     </span>
    </p>

    <p class='ocr_par' dir='ltr' id='par_1_6' title="bbox 204 1737 972 1827">
     <span class='ocr_line' id='line_1_12' title="bbox 204 1737 972 1827; baseline 0 -23"><span class='ocrx_word' id='word_1_76' title='bbox 204 1739 283 1826; x_wconf 88' lang='lat' dir='ltr'>quid</span> <span class='ocrx_word' id='word_1_77' title='bbox 307 1739 447 1806; x_wconf 87' lang='lat' dir='ltr'>timidae</span> <span class='ocrx_word' id='word_1_78' title='bbox 471 1739 619 1826; x_wconf 88' lang='lat' dir='ltr'>sequeris</span> <span class='ocrx_word' id='word_1_79' title='bbox 638 1737 833 1827; x_wconf 90' lang='lat' dir='ltr'>compendia</span> <span class='ocrx_word' id='word_1_80' title='bbox 856 1739 972 1805; x_wconf 85' lang='lat' dir='ltr'>vitae?</span> 
     </span>
    </p>

    <p class='ocr_par' dir='ltr' id='par_1_7' title="bbox 198 1841 1282 2016">
     <span class='ocr_line' id='line_1_13' title="bbox 198 1841 1282 1930; baseline -0.002 -20"><span class='ocrx_word' id='word_1_81' title='bbox 198 1843 289 1910; x_wconf 88' lang='lat' dir='ltr'>bella</span> <span class='ocrx_word' id='word_1_82' title='bbox 305 1846 472 1910; x_wconf 85' lang='lat' dir='ltr'>manent“.</span> <span class='ocrx_word' id='word_1_83' title='bbox 506 1843 642 1914; x_wconf 86' lang='lat' dir='ltr'>Simul</span> <span class='ocrx_word' id='word_1_84' title='bbox 657 1841 709 1909; x_wconf 84' lang='lat' dir='ltr'>ha</span> <span class='ocrx_word' id='word_1_85' title='bbox 719 1865 762 1910; x_wconf 88' lang='lat' dir='ltr'>ec</span> <span class='ocrx_word' id='word_1_86' title='bbox 778 1847 814 1910; x_wconf 91' lang='lat' dir='ltr'>et</span> <span class='ocrx_word' id='word_1_87' title='bbox 830 1865 978 1910; x_wconf 87' lang='lat' dir='ltr'>crassum</span> <span class='ocrx_word' id='word_1_88' title='bbox 995 1843 1158 1930; x_wconf 85' lang='lat' dir='ltr'>sanguine</span> <span class='ocrx_word' id='word_1_89' title='bbox 1175 1843 1282 1909; x_wconf 90' lang='lat' dir='ltr'>telum</span> 
     </span>
     <span class='ocr_line' id='line_1_14' title="bbox 198 1948 388 2016; baseline -0.011 -1"><span class='ocrx_word' id='word_1_90' title='bbox 198 1949 266 2016; x_wconf 90' lang='lat' dir='ltr'>iam</span> <span class='ocrx_word' id='word_1_91' title='bbox 287 1948 388 2016; x_wconf 88' lang='lat' dir='ltr'>redit.</span> 
     </span>
    </p>
   </div>
   <div class='ocr_carea' id='block_1_5' title="bbox 152 2063 1392 2598">
    <p class='ocr_par' dir='ltr' id='par_1_8' title="bbox 152 2063 1392 2598">
     <span class='ocr_line' id='line_1_15' title="bbox 242 2063 1392 2155; baseline 0.002 -10"><span class='ocrx_word' id='word_1_92' title='bbox 242 2079 364 2145; x_wconf 82' lang='lat' dir='ltr'>AumI</span> <span class='ocrx_word' id='word_1_93' title='bbox 380 2080 422 2145; x_wconf 82' lang='lat'>65</span> <span class='ocrx_word' id='word_1_94' title='bbox 446 2079 619 2146; x_wconf 88' lang='lat' dir='ltr'>Arminius</span> <span class='ocrx_word' id='word_1_95' title='bbox 651 2079 687 2146; x_wconf 91' lang='lat' dir='ltr'>in</span> <span class='ocrx_word' id='word_1_96' title='bbox 718 2079 886 2146; x_wconf 84' lang='lat' dir='ltr'>Romanos</span> <span class='ocrx_word' id='word_1_97' title='bbox 911 2065 1071 2155; x_wconf 83' lang='lat' dir='ltr'>Caecina</span> <span class='ocrx_word' id='word_1_98' title='bbox 1092 2079 1175 2146; x_wconf 85' lang='lat' dir='ltr'>duce</span> <span class='ocrx_word' id='word_1_99' title='bbox 1212 2081 1282 2147; x_wconf 92' lang='lat' dir='ltr'>bel-</span> <span class='ocrx_word' id='word_1_100' title='bbox 1391 2063 1392 2068; x_wconf 6' lang='grc' dir='ltr'>ἵ</span> 
     </span>
     <span class='ocr_line' id='line_1_16' title="bbox 158 2183 1283 2272; baseline 0.002 -24"><span class='ocrx_word' id='word_1_101' title='bbox 158 2183 272 2251; x_wconf 87' lang='lat' dir='ltr'>lantes</span> <span class='ocrx_word' id='word_1_102' title='bbox 295 2184 435 2251; x_wconf 87' lang='lat' dir='ltr'>moliens</span> <span class='ocrx_word' id='word_1_103' title='bbox 466 2185 628 2272; x_wconf 89' lang='lat' dir='ltr'>impetum</span> <span class='ocrx_word' id='word_1_104' title='bbox 662 2184 712 2252; x_wconf 91' lang='lat' dir='ltr'>his</span> <span class='ocrx_word' id='word_1_105' title='bbox 746 2184 858 2253; x_wconf 90' lang='lat' dir='ltr'>verbis</span> <span class='ocrx_word' id='word_1_106' title='bbox 892 2206 970 2252; x_wconf 87' lang='lat' dir='ltr'>suos</span> <span class='ocrx_word' id='word_1_107' title='bbox 1002 2184 1172 2251; x_wconf 80' lang='lat' dir='ltr'>accendit:</span> <span class='ocrx_word' id='word_1_108' title='bbox 1208 2185 1283 2268; x_wconf 85' lang='lat' dir='ltr'>„En</span> 
     </span>
     <span class='ocr_line' id='line_1_17' title="bbox 157 2289 1282 2379; baseline 0.001 -24"><span class='ocrx_word' id='word_1_109' title='bbox 157 2289 271 2356; x_wconf 82' lang='lat' dir='ltr'>Varus</span> <span class='ocrx_word' id='word_1_110' title='bbox 306 2290 487 2377; x_wconf 89' lang='lat' dir='ltr'>eodemque</span> <span class='ocrx_word' id='word_1_111' title='bbox 520 2290 643 2357; x_wconf 90' lang='lat' dir='ltr'>iterum</span> <span class='ocrx_word' id='word_1_112' title='bbox 678 2290 752 2357; x_wconf 86' lang='lat' dir='ltr'>fato</span> <span class='ocrx_word' id='word_1_113' title='bbox 784 2290 920 2357; x_wconf 88' lang='lat' dir='ltr'>vinctae</span> <span class='ocrx_word' id='word_1_114' title='bbox 941 2289 1131 2377; x_wconf 83' lang='lat' dir='ltr'>legiones“:</span> <span class='ocrx_word' id='word_1_115' title='bbox 1147 2289 1282 2379; x_wconf 62' lang='lat' dir='ltr'>⁸simul</span> 
     </span>
     <span class='ocr_line' id='line_1_18' title="bbox 155 2393 1283 2482; baseline 0 -22"><span class='ocrx_word' id='word_1_116' title='bbox 155 2393 259 2462; x_wconf 90' lang='lat' dir='ltr'>haee</span> <span class='ocrx_word' id='word_1_117' title='bbox 293 2399 329 2460; x_wconf 89' lang='lat' dir='ltr'>et</span> <span class='ocrx_word' id='word_1_118' title='bbox 360 2417 434 2462; x_wconf 88' lang='lat' dir='ltr'>oum</span> <span class='ocrx_word' id='word_1_119' title='bbox 466 2395 607 2462; x_wconf 86' lang='lat' dir='ltr'>delectis</span> <span class='ocrx_word' id='word_1_120' title='bbox 640 2394 764 2462; x_wconf 88' lang='lat' dir='ltr'>scindit</span> <span class='ocrx_word' id='word_1_121' title='bbox 795 2415 916 2481; x_wconf 85' lang='lat' dir='ltr'>agmen</span> <span class='ocrx_word' id='word_1_122' title='bbox 945 2394 1105 2482; x_wconf 89' lang='lat' dir='ltr'>equisque</span> <span class='ocrx_word' id='word_1_123' title='bbox 1138 2395 1283 2461; x_wconf 84' lang='lat' dir='ltr'>maxima</span> 
     </span>
     <span class='ocr_line' id='line_1_19' title="bbox 152 2494 1278 2598; baseline -0.002 -33"><span class='ocrx_word' id='word_1_124' title='bbox 152 2499 297 2566; x_wconf 91' lang='lat' dir='ltr'>vulnera</span> <span class='ocrx_word' id='word_1_125' title='bbox 308 2499 468 2587; x_wconf 83' lang='lat' dir='ltr'>ingerit“.</span> <span class='ocrx_word' id='word_1_126' title='bbox 496 2498 660 2580; x_wconf 77' lang='lat' dir='ltr'>Quoniam</span> <span class='ocrx_word' id='word_1_127' title='bbox 672 2499 780 2586; x_wconf 88' lang='lat' dir='ltr'>igitur</span> <span class='ocrx_word' id='word_1_128' title='bbox 791 2499 860 2565; x_wconf 91' lang='lat' dir='ltr'>alia</span> <span class='ocrx_word' id='word_1_129' title='bbox 871 2498 968 2566; x_wconf 93' lang='lat' dir='ltr'>nobis</span> <span class='ocrx_word' id='word_1_130' title='bbox 982 2494 1105 2566; x_wconf 84' lang='lat' dir='ltr'>desunt</span> <span class='ocrx_word' id='word_1_131' title='bbox 1117 2498 1278 2598; x_wconf 77' lang='lat' dir='ltr'>exempla,</span> 
     </span>
    </p>
   </div>
   <div class='ocr_carea' id='block_1_6' title="bbox 103 2603 1282 3423">
    <p class='ocr_par' dir='ltr' id='par_1_9' title="bbox 152 2603 1280 2790">
     <span class='ocr_line' id='line_1_20' title="bbox 152 2603 1280 2692; baseline -0.002 -21"><span class='ocrx_word' id='word_1_132' title='bbox 152 2607 245 2672; x_wconf 90' lang='lat' dir='ltr'>recte</span> <span class='ocrx_word' id='word_1_133' title='bbox 268 2606 419 2672; x_wconf 87' lang='lat' dir='ltr'>fortasse</span> <span class='ocrx_word' id='word_1_134' title='bbox 439 2603 624 2672; x_wconf 89' lang='lat' dir='ltr'>iudicamus</span> <span class='ocrx_word' id='word_1_135' title='bbox 655 2603 716 2671; x_wconf 94' lang='lat' dir='ltr'>illo</span> <span class='ocrx_word' id='word_1_136' title='bbox 748 2604 822 2670; x_wconf 92' lang='lat' dir='ltr'>loco</span> <span class='ocrx_word' id='word_1_137' title='bbox 846 2603 1002 2670; x_wconf 85' lang='lat' dir='ltr'>Tacitum</span> <span class='ocrx_word' id='word_1_138' title='bbox 1024 2603 1190 2692; x_wconf 89' lang='lat' dir='ltr'>respicere</span> <span class='ocrx_word' id='word_1_139' title='bbox 1212 2604 1280 2669; x_wconf 89' lang='lat' dir='ltr'>Lu-</span> 
     </span>
     <span class='ocr_line' id='line_1_21' title="bbox 152 2708 554 2790; baseline 0 -16"><span class='ocrx_word' id='word_1_140' title='bbox 152 2730 283 2790; x_wconf 88' lang='lat' dir='ltr'>canum,</span> <span class='ocrx_word' id='word_1_141' title='bbox 306 2731 374 2775; x_wconf 89' lang='lat' dir='ltr'>uon</span> <span class='ocrx_word' id='word_1_142' title='bbox 396 2708 554 2776; x_wconf 82' lang='lat' dir='ltr'>Statium.</span> 
     </span>
    </p>

    <p class='ocr_par' dir='ltr' id='par_1_10' title="bbox 103 2812 1282 3423">
     <span class='ocr_line' id='line_1_22' title="bbox 243 2812 1282 2900; baseline 0.001 -21"><span class='ocrx_word' id='word_1_143' title='bbox 243 2813 329 2879; x_wconf 80' lang='lat' dir='ltr'>Tum</span> <span class='ocrx_word' id='word_1_144' title='bbox 345 2815 439 2900; x_wconf 89' lang='lat' dir='ltr'>sequi</span> <span class='ocrx_word' id='word_1_145' title='bbox 451 2813 607 2888; x_wconf 82' lang='lat' dir='ltr'>Tacitum</span> <span class='ocrx_word' id='word_1_146' title='bbox 623 2837 740 2881; x_wconf 88' lang='lat' dir='ltr'>censeo</span> <span class='ocrx_word' id='word_1_147' title='bbox 752 2813 923 2880; x_wconf 89' lang='lat' dir='ltr'>Lucanum</span> <span class='ocrx_word' id='word_1_148' title='bbox 936 2813 997 2880; x_wconf 92' lang='lat' dir='ltr'>illo</span> <span class='ocrx_word' id='word_1_149' title='bbox 1011 2813 1183 2880; x_wconf 87' lang='lat' dir='ltr'>annalium</span> <span class='ocrx_word' id='word_1_150' title='bbox 1198 2812 1282 2892; x_wconf 88' lang='lat' dir='ltr'>loco,</span> 
     </span>
     <span class='ocr_line' id='line_1_23' title="bbox 155 2917 1282 3007; baseline 0.001 -24"><span class='ocrx_word' id='word_1_151' title='bbox 155 2917 215 2984; x_wconf 89' lang='lat' dir='ltr'>ubi</span> <span class='ocrx_word' id='word_1_152' title='bbox 230 2918 345 3004; x_wconf 84' lang='lat' dir='ltr'>agitur</span> <span class='ocrx_word' id='word_1_153' title='bbox 360 2919 402 2986; x_wconf 93' lang='lat' dir='ltr'>de</span> <span class='ocrx_word' id='word_1_154' title='bbox 414 2919 609 3007; x_wconf 85' lang='lat' dir='ltr'>Agrippina</span> <span class='ocrx_word' id='word_1_155' title='bbox 619 2918 767 2985; x_wconf 88' lang='lat' dir='ltr'>Neronis</span> <span class='ocrx_word' id='word_1_156' title='bbox 783 2923 909 2986; x_wconf 88' lang='lat' dir='ltr'>matre:</span> <span class='ocrx_word' id='word_1_157' title='bbox 928 2917 1027 3004; x_wconf 89' lang='lat' dir='ltr'><strong>(XIV</strong></span> <span class='ocrx_word' id='word_1_158' title='bbox 1038 2920 1070 3001; x_wconf 87' lang='lat'>3)</span> <span class='ocrx_word' id='word_1_159' title='bbox 1090 2917 1282 3002; x_wconf 82' lang='lat' dir='ltr'>„Ministros</span> 
     </span>
     <span class='ocr_line' id='line_1_24' title="bbox 154 3022 1282 3111; baseline -0.001 -23"><span class='ocrx_word' id='word_1_160' title='bbox 154 3025 328 3111; x_wconf 86' lang='lat' dir='ltr'>temptare</span> <span class='ocrx_word' id='word_1_161' title='bbox 351 3023 491 3090; x_wconf 89' lang='lat' dir='ltr'>arduum</span> <span class='ocrx_word' id='word_1_162' title='bbox 508 3022 690 3090; x_wconf 85' lang='lat' dir='ltr'>videbatur</span> <span class='ocrx_word' id='word_1_163' title='bbox 712 3023 864 3089; x_wconf 88' lang='lat' dir='ltr'>mulieris</span> <span class='ocrx_word' id='word_1_164' title='bbox 889 3045 967 3089; x_wconf 88' lang='lat' dir='ltr'>usu</span> <span class='ocrx_word' id='word_1_165' title='bbox 985 3023 1200 3088; x_wconf 87' lang='lat' dir='ltr'>scelerum</span> <span class='ocrx_word' id='word_1_166' title='bbox 1224 3022 1282 3088; x_wconf 89' lang='lat' dir='ltr'>ad-</span> 
     </span>
     <span class='ocr_line' id='line_1_25' title="bbox 103 3126 1282 3214; baseline 0 -22"><span class='ocrx_word' id='word_1_167' title='bbox 103 3179 107 3186; x_wconf 92' lang='lat'>.</span> <span class='ocrx_word' id='word_1_168' title='bbox 152 3147 270 3194; x_wconf 86' lang='lat' dir='ltr'>versus</span> <span class='ocrx_word' id='word_1_169' title='bbox 294 3127 432 3194; x_wconf 89' lang='lat' dir='ltr'>insidias</span> <span class='ocrx_word' id='word_1_170' title='bbox 455 3128 640 3214; x_wconf 78' lang='lat' dir='ltr'>intentae“.</span> <span class='ocrx_word' id='word_1_171' title='bbox 685 3126 821 3194; x_wconf 88' lang='lat' dir='ltr'>Nemini</span> <span class='ocrx_word' id='word_1_172' title='bbox 843 3130 926 3214; x_wconf 90' lang='lat' dir='ltr'>puto</span> <span class='ocrx_word' id='word_1_173' title='bbox 950 3127 1192 3207; x_wconf 83' lang='lat' dir='ltr'>Romanorum,</span> <span class='ocrx_word' id='word_1_174' title='bbox 1224 3127 1282 3213; x_wconf 87' lang='lat' dir='ltr'>qui</span> 
     </span>
     <span class='ocr_line' id='line_1_26' title="bbox 153 3229 1280 3319; baseline -0.004 -21"><span class='ocrx_word' id='word_1_175' title='bbox 153 3232 292 3319; x_wconf 84' lang='lat' dir='ltr'>legebat</span> <span class='ocrx_word' id='word_1_176' title='bbox 314 3233 396 3299; x_wconf 85' lang='lat' dir='ltr'>haec</span> <span class='ocrx_word' id='word_1_177' title='bbox 419 3234 532 3312; x_wconf 87' lang='lat' dir='ltr'>verba,</span> <span class='ocrx_word' id='word_1_178' title='bbox 558 3255 623 3302; x_wconf 88' lang='lat' dir='ltr'>non</span> <span class='ocrx_word' id='word_1_179' title='bbox 646 3229 682 3297; x_wconf 93' lang='lat' dir='ltr'>in</span> <span class='ocrx_word' id='word_1_180' title='bbox 696 3236 843 3298; x_wconf 90' lang='lat' dir='ltr'>mentem</span> <span class='ocrx_word' id='word_1_181' title='bbox 860 3231 993 3298; x_wconf 87' lang='lat' dir='ltr'>venisse</span> <span class='ocrx_word' id='word_1_182' title='bbox 1004 3231 1134 3297; x_wconf 86' lang='lat' dir='ltr'>Luceni</span> <span class='ocrx_word' id='word_1_183' title='bbox 1151 3253 1280 3298; x_wconf 69' lang='lat' dir='ltr'>versus,</span> 
     </span>
     <span class='ocr_line' id='line_1_27' title="bbox 151 3335 1281 3423; baseline 0 -21"><span class='ocrx_word' id='word_1_184' title='bbox 151 3337 319 3404; x_wconf 90' lang='lat' dir='ltr'>orationis</span> <span class='ocrx_word' id='word_1_185' title='bbox 343 3337 416 3404; x_wconf 84' lang='lat' dir='ltr'>dico</span> <span class='ocrx_word' id='word_1_186' title='bbox 438 3336 531 3402; x_wconf 86' lang='lat' dir='ltr'>illius</span> <span class='ocrx_word' id='word_1_187' title='bbox 555 3357 688 3416; x_wconf 84' lang='lat' dir='ltr'>senum,</span> <span class='ocrx_word' id='word_1_188' title='bbox 723 3358 790 3423; x_wconf 88' lang='lat' dir='ltr'>qua</span> <span class='ocrx_word' id='word_1_189' title='bbox 822 3341 1075 3423; x_wconf 87' lang='lat' dir='ltr'>conqueruntur</span> <span class='ocrx_word' id='word_1_190' title='bbox 1096 3335 1222 3403; x_wconf 91' lang='lat' dir='ltr'>iterum</span> <span class='ocrx_word' id='word_1_191' title='bbox 1245 3358 1281 3402; x_wconf 88' lang='lat' dir='ltr'>se</span> 
     </span>
    </p>
   </div>
   <div class='ocr_carea' id='block_1_7' title="bbox 294 3583 1098 3743">
    <p class='ocr_par' dir='ltr' id='par_1_11' title="bbox 294 3583 1098 3743">
     <span class='ocr_line' id='line_1_28' title="bbox 297 3583 1047 3653; baseline -0.001 -14"><span class='ocrx_word' id='word_1_192' title='bbox 297 3600 345 3639; x_wconf 88' lang='lat' dir='ltr'>ore</span> <span class='ocrx_word' id='word_1_193' title='bbox 364 3585 463 3653; x_wconf 82' lang='lat' dir='ltr'>premit</span> <span class='ocrx_word' id='word_1_194' title='bbox 550 3583 636 3638; x_wconf 89' lang='lat' dir='ltr'>donec</span> <span class='ocrx_word' id='word_1_195' title='bbox 654 3584 762 3639; x_wconf 87' lang='lat' dir='ltr'>Phariis</span> <span class='ocrx_word' id='word_1_196' title='bbox 782 3585 913 3638; x_wconf 83' lang='lat' dir='ltr'>alimenta</span> <span class='ocrx_word' id='word_1_197' title='bbox 934 3595 1047 3651; x_wconf 83' lang='lat' dir='ltr'>rogatus</span> 
     </span>
     <span class='ocr_line' id='line_1_29' title="bbox 294 3673 1098 3743; baseline 0.001 -17"><span class='ocrx_word' id='word_1_198' title='bbox 294 3673 378 3728; x_wconf 89' lang='lat' dir='ltr'>donet</span> <span class='ocrx_word' id='word_1_199' title='bbox 396 3675 471 3743; x_wconf 81' lang='lat' dir='ltr'>agris</span> <span class='ocrx_word' id='word_1_200' title='bbox 491 3687 671 3742; x_wconf 85' lang='lat' dir='ltr'>magnumque</span> <span class='ocrx_word' id='word_1_201' title='bbox 690 3673 802 3742; x_wconf 78' lang='lat' dir='ltr'>inducat</span> <span class='ocrx_word' id='word_1_202' title='bbox 820 3674 954 3728; x_wconf 87' lang='lat' dir='ltr'>messibus</span> <span class='ocrx_word' id='word_1_203' title='bbox 974 3690 1098 3728; x_wconf 88' lang='lat' dir='ltr'>annum</span> 
     </span>
    </p>
   </div>
   <div class='ocr_carea' id='block_1_8' title="bbox 105 3789 1282 4381">
    <p class='ocr_par' dir='ltr' id='par_1_12' title="bbox 105 3789 1282 4381">
     <span class='ocr_line' id='line_1_30' title="bbox 150 3789 1280 3861; baseline -0.002 -15"><span class='ocrx_word' id='word_1_204' title='bbox 150 3792 200 3846; x_wconf 91' lang='lat' dir='ltr'>ubi</span> <span class='ocrx_word' id='word_1_205' title='bbox 228 3791 353 3844; x_wconf 90' lang='lat' dir='ltr'>nimirum</span> <span class='ocrx_word' id='word_1_206' title='bbox 381 3795 504 3857; x_wconf 87' lang='lat' dir='ltr'>‚‚annus“</span> <span class='ocrx_word' id='word_1_207' title='bbox 524 3791 637 3859; x_wconf 88' lang='lat' dir='ltr'>proprio</span> <span class='ocrx_word' id='word_1_208' title='bbox 664 3796 707 3844; x_wconf 87' lang='lat' dir='ltr'>est</span> <span class='ocrx_word' id='word_1_209' title='bbox 725 3789 877 3844; x_wconf 86' lang='lat' dir='ltr'>adhibitum</span> <span class='ocrx_word' id='word_1_210' title='bbox 905 3807 1000 3857; x_wconf 79' lang='lat' dir='ltr'>sensu,</span> <span class='ocrx_word' id='word_1_211' title='bbox 1032 3789 1131 3845; x_wconf 84' lang='lat' dir='ltr'>alludit</span> <span class='ocrx_word' id='word_1_212' title='bbox 1158 3790 1194 3844; x_wconf 88' lang='lat' dir='ltr'>ad</span> <span class='ocrx_word' id='word_1_213' title='bbox 1213 3791 1280 3861; x_wconf 41' lang='lat' dir='ltr'>Luc,</span> 
     </span>
     <span class='ocr_line' id='line_1_31' title="bbox 153 3879 1282 3950; baseline 0 -16"><span class='ocrx_word' id='word_1_214' title='bbox 153 3879 257 3946; x_wconf 80' lang='lat'><em>11170,</em></span> <span class='ocrx_word' id='word_1_215' title='bbox 278 3895 357 3946; x_wconf 86' lang='lat' dir='ltr'>quem</span> <span class='ocrx_word' id='word_1_216' title='bbox 376 3896 482 3935; x_wconf 87' lang='lat' dir='ltr'>versum</span> <span class='ocrx_word' id='word_1_217' title='bbox 503 3881 571 3934; x_wconf 77' lang='lat' dir='ltr'>citat</span> <span class='ocrx_word' id='word_1_218' title='bbox 591 3879 681 3933; x_wconf 85' lang='lat' dir='ltr'>Schol.</span> <span class='ocrx_word' id='word_1_219' title='bbox 702 3880 796 3934; x_wconf 87' lang='lat' dir='ltr'>Statii:</span> <span class='ocrx_word' id='word_1_220' title='bbox 826 3879 946 3948; x_wconf 81' lang='lat' dir='ltr'>„Effusis</span> <span class='ocrx_word' id='word_1_221' title='bbox 967 3896 1093 3949; x_wconf 87' lang='lat' dir='ltr'>magnum</span> <span class='ocrx_word' id='word_1_222' title='bbox 1112 3880 1198 3950; x_wconf 85' lang='lat' dir='ltr'>Libye</span> <span class='ocrx_word' id='word_1_223' title='bbox 1215 3881 1282 3934; x_wconf 90' lang='lat' dir='ltr'>tulit</span> 
     </span>
     <span class='ocr_line' id='line_1_32' title="bbox 105 3968 1281 4037; baseline 0 -14"><span class='ocrx_word' id='word_1_224' title='bbox 105 3991 112 4013; x_wconf 64' lang='grc' dir='ltr'>ι</span> <span class='ocrx_word' id='word_1_225' title='bbox 151 3968 285 4023; x_wconf 88' lang='lat' dir='ltr'>imbribus</span> <span class='ocrx_word' id='word_1_226' title='bbox 310 3973 442 4036; x_wconf 82' lang='lat' dir='ltr'>annum“‚</span> <span class='ocrx_word' id='word_1_227' title='bbox 471 3969 519 4024; x_wconf 86' lang='lat' dir='ltr'>sed</span> <span class='ocrx_word' id='word_1_228' title='bbox 547 3971 595 4034; x_wconf 83' lang='lat' dir='ltr'>ita,</span> <span class='ocrx_word' id='word_1_229' title='bbox 621 3977 653 4023; x_wconf 86' lang='lat' dir='ltr'>ut</span> <span class='ocrx_word' id='word_1_230' title='bbox 680 3985 714 4023; x_wconf 87' lang='lat' dir='ltr'>ex</span> <span class='ocrx_word' id='word_1_231' title='bbox 741 3970 789 4024; x_wconf 89' lang='lat' dir='ltr'>illo</span> <span class='ocrx_word' id='word_1_232' title='bbox 809 3969 914 4023; x_wconf 88' lang='lat' dir='ltr'>Lucani</span> <span class='ocrx_word' id='word_1_233' title='bbox 932 3970 1031 4036; x_wconf 86' lang='lat' dir='ltr'>verbo,</span> <span class='ocrx_word' id='word_1_234' title='bbox 1061 3968 1134 4037; x_wconf 90' lang='lat' dir='ltr'>quod</span> <span class='ocrx_word' id='word_1_235' title='bbox 1157 3970 1281 4036; x_wconf 84' lang='lat' dir='ltr'>proxime</span> 
     </span>
     <span class='ocr_line' id='line_1_33' title="bbox 151 4057 1280 4128; baseline -0.003 -13"><span class='ocrx_word' id='word_1_236' title='bbox 151 4057 259 4115; x_wconf 77' lang='lat' dir='ltr'>aceedit</span> <span class='ocrx_word' id='word_1_237' title='bbox 288 4058 323 4111; x_wconf 84' lang='lat' dir='ltr'>ad</span> <span class='ocrx_word' id='word_1_238' title='bbox 350 4060 515 4128; x_wconf 81' lang='lat' dir='ltr'>singularem</span> <span class='ocrx_word' id='word_1_239' title='bbox 542 4059 619 4112; x_wconf 88' lang='lat' dir='ltr'>verbi</span> <span class='ocrx_word' id='word_1_240' title='bbox 646 4060 711 4112; x_wconf 88' lang='lat' dir='ltr'>anni</span> <span class='ocrx_word' id='word_1_241' title='bbox 735 4058 974 4128; x_wconf 82' lang='lat' dir='ltr'>significationem,</span> <span class='ocrx_word' id='word_1_242' title='bbox 1007 4059 1109 4113; x_wconf 83' lang='lat' dir='ltr'>efficiat</span> <span class='ocrx_word' id='word_1_243' title='bbox 1137 4074 1280 4127; x_wconf 81' lang='lat' dir='ltr'>„magnum</span> 
     </span>
     <span class='ocr_line' id='line_1_34' title="bbox 153 4147 1281 4217; baseline -0.002 -14"><span class='ocrx_word' id='word_1_244' title='bbox 153 4148 338 4203; x_wconf 83' lang='lat' dir='ltr'>messibus</span> <span class='ocrx_word' id='word_1_245' title='bbox 357 4152 483 4202; x_wconf 86' lang='lat' dir='ltr'>annum“.</span> <span class='ocrx_word' id='word_1_246' title='bbox 521 4149 566 4202; x_wconf 87' lang='lat' dir='ltr'>Sic</span> <span class='ocrx_word' id='word_1_247' title='bbox 593 4148 681 4216; x_wconf 91' lang='lat' dir='ltr'>primo</span> <span class='ocrx_word' id='word_1_248' title='bbox 711 4148 788 4202; x_wconf 89' lang='lat' dir='ltr'>verbi</span> <span class='ocrx_word' id='word_1_249' title='bbox 815 4164 897 4203; x_wconf 87' lang='lat' dir='ltr'>sensu</span> <span class='ocrx_word' id='word_1_250' title='bbox 925 4149 1054 4203; x_wconf 88' lang='lat' dir='ltr'>restituto</span> <span class='ocrx_word' id='word_1_251' title='bbox 1082 4147 1202 4217; x_wconf 82' lang='lat' dir='ltr'>explicat</span> <span class='ocrx_word' id='word_1_252' title='bbox 1221 4147 1281 4202; x_wconf 88' lang='lat' dir='ltr'>fere</span> 
     </span>
     <span class='ocr_line' id='line_1_35' title="bbox 154 4237 1280 4306; baseline -0.004 -14"><span class='ocrx_word' id='word_1_253' title='bbox 154 4239 304 4292; x_wconf 87' lang='lat' dir='ltr'>Lucanum.</span> <span class='ocrx_word' id='word_1_254' title='bbox 334 4237 463 4291; x_wconf 83' lang='lat' dir='ltr'>Fortasse</span> <span class='ocrx_word' id='word_1_255' title='bbox 482 4237 564 4290; x_wconf 81' lang='lat' dir='ltr'>etiam</span> <span class='ocrx_word' id='word_1_256' title='bbox 584 4237 669 4291; x_wconf 86' lang='lat' dir='ltr'>Theb.</span> <span class='ocrx_word' id='word_1_257' title='bbox 689 4238 728 4290; x_wconf 90' lang='lat' dir='ltr'>IX</span> <span class='ocrx_word' id='word_1_258' title='bbox 741 4241 801 4303; x_wconf 80' lang='lat'>407,</span> <span class='ocrx_word' id='word_1_259' title='bbox 821 4254 902 4306; x_wconf 83' lang='lat' dir='ltr'>quem</span> <span class='ocrx_word' id='word_1_260' title='bbox 921 4253 1028 4291; x_wconf 83' lang='lat' dir='ltr'>versum</span> <span class='ocrx_word' id='word_1_261' title='bbox 1047 4238 1074 4290; x_wconf 93' lang='lat' dir='ltr'>in</span> <span class='ocrx_word' id='word_1_262' title='bbox 1093 4242 1171 4290; x_wconf 86' lang='lat' dir='ltr'>textu</span> <span class='ocrx_word' id='word_1_263' title='bbox 1189 4237 1280 4302; x_wconf 87' lang='lat' dir='ltr'>attuli,</span> 
     </span>
     <span class='ocr_line' id='line_1_36' title="bbox 151 4320 594 4381; baseline -0.007 -1"><span class='ocrx_word' id='word_1_264' title='bbox 151 4325 253 4381; x_wconf 77' lang='lat' dir='ltr'>alludit</span> <span class='ocrx_word' id='word_1_265' title='bbox 271 4325 306 4379; x_wconf 81' lang='lat' dir='ltr'>ad</span> <span class='ocrx_word' id='word_1_266' title='bbox 326 4325 474 4379; x_wconf 89' lang='lat' dir='ltr'>Lucanum.</span> <span class='ocrx_word' id='word_1_267' title='bbox 583 4320 594 4341; x_wconf 90' lang='lat'>&#39;</span> 
     </span>
    </p>
   </div>
   <div class='ocr_carea' id='block_1_9' title="bbox 0 0 1574 5178">
    <p class='ocr_par' dir='ltr' id='par_1_13' title="bbox 0 0 1574 5178">
     <span class='ocr_line' id='line_1_37' title="bbox 0 0 1574 5178; baseline 0 1"><span class='ocrx_word' id='word_1_268' title='bbox 0 0 1574 5178; x_wconf 95' lang='lat' dir='ltr'> </span> 
     </span>
    </p>
   </div>
  </div>
 </body>
</html>
