3138 5178
810 550 1007 615 ..4-

217 734 221 740 ’
342 720 507 811 opusculo
523 721 655 811 suscepi
677 724 844 804 tractare,
867 723 1156 812 operaepretium
1175 723 1324 792 fortasse
1338 721 1470 804 faciam,

342 825 374 893 si
397 825 542 915 primum
565 826 713 895 omnium
741 826 921 898 instituam
944 839 1120 916 quaerere,
1152 827 1241 896 unde
1264 827 1311 895 sit
1335 829 1415 896 crta
1436 830 1472 896 et

253 1007 256 1015 ,
340 929 425 1020 quid
445 931 492 999 sit
515 930 588 1000 cius
611 927 795 1020 proprium.
840 930 930 1000 Sunt
960 931 1048 1000 enim
1081 931 1297 1022 eloquentiae
1326 931 1472 1000 studiosi

342 1035 569 1124 cumprimis,
592 1035 724 1125 quibus,
747 1039 789 1104 ut
809 1035 1011 1104 imitationis
1028 1039 1102 1106 erte
1124 1040 1278 1118 utantur,
1303 1037 1472 1125 praecipit

342 1145 381 1209 et
402 1137 544 1209 Tacitus
568 1143 605 1209 et
627 1139 870 1225 Quintilianus,
895 1145 971 1210 cnm
993 1140 1070 1209 fons
1093 1141 1192 1209 buius
1215 1140 1304 1210 artis
1327 1141 1471 1209 ducatur

341 1243 425 1314 inde
458 1245 501 1313 ab
534 1245 857 1330 Alexandrinorum,
891 1247 951 1335 qui
983 1250 1161 1331 vocantur,
1196 1251 1375 1336 poetarum
1408 1270 1471 1325 usu

339 1353 447 1440 atquc
462 1350 718 1434 consuetudine,
741 1351 879 1420 illorum
895 1350 969 1419 dico
988 1354 1178 1441 poetarum,
1201 1352 1260 1439 qui
1281 1375 1350 1422 non
1372 1352 1470 1420 modo

342 1453 491 1523 flosculis
507 1443 661 1544 singulis,
685 1454 746 1523 sed
761 1455 865 1524 etiam
880 1455 984 1524 sentis
1001 1477 1044 1524 ex
1058 1457 1274 1545 antiquorum
1290 1464 1468 1544 poetarum

342 1558 455 1628 bortis
470 1559 660 1630 coniunctis
674 1561 844 1630 ornabant
866 1581 929 1628 sua
951 1560 1110 1628 carmina.
1145 1559 1194 1632 Ut
1208 1583 1313 1628 unum
1326 1561 1469 1649 quidem,

341 1663 403 1734 sed
417 1665 685 1744 illustrissimum
703 1665 860 1733 inducam
883 1665 1082 1754 exemplum,
1105 1661 1305 1735 Callimachi
1326 1664 1470 1752 hymnos

343 1767 409 1838 t1bi
430 1769 466 1836 in
487 1771 681 1840 memoriam
709 1793 841 1841 revoco.
886 1769 961 1839 Hoc
983 1769 1239 1840 Alexandrinae
1266 1770 1394 1840 aetatis
1416 1792 1470 1838 ar·

342 1873 727 1965 tificium'recipicbatur
743 1879 780 1944 ct
794 1875 971 1945 colebatur
986 1897 1007 1943 a
1021 1873 1133 1965 poetis
1149 1875 1294 1956 Latinis,
1315 1875 1469 1964 aquibus

343 2001 447 2048 unum
479 1979 624 2069 quidem,
667 1980 725 2051 sed
759 1967 1080 2050 excellentissimum
1102 1969 1302 2070 'exemplum
1335 1980 1470 2048 nominc

346 2083 545 2172 Vergilium,
568 2085 628 2174 qui
650 2107 778 2154 summa
800 2107 840 2154 ao
861 2086 1016 2176 perfecta
1039 2087 1119 2154 arte
1139 2084 1303 2175 optimum
1323 2084 1470 2174 quidque

281 2232 292 2248 ι
344 2212 412 2257 non
446 2189 554 2258 solnm
584 2211 606 2258 a
633 2190 785 2272 Graecis,
820 2190 880 2260 scd
914 2189 1018 2259 ctiam
1051 2212 1073 2260 a
1103 2189 1237 2258 Latinis
1269 2189 1393 2280 poetis,
1426 2191 1470 2256 ab

344 2294 455 2362 Ennio
485 2294 645 2363 Lucretio
679 2295 772 2374 aliis,
803 2296 981 2366 inventum
1012 2319 1073 2364 suo
1108 2295 1250 2364 carmini
1284 2293 1469 2364 inserebat.

345 2399 437 2467 Idem
453 2399 630 2488 Vergilius
654 2400 779 2489 optime
801 2423 863 2469 nos
885 2400 995 2484 docet,
1018 2399 1131 2490 qualis
1152 2399 1261 2468 fucrit
1281 2399 1373 2467 ratio
1396 2398 1470 2468 imi-

340 2505 439 2572 tandi
451 2507 487 2591 ¹).
534 2503 649 2573 Sciens
672 2504 869 2596 plerumque
898 2503 1065 2596 prompsit
1088 2505 1180 2572 dicta
1201 2503 1259 2573 uel
1282 2503 1470 2572 sententias

341 2633 384 2677 ex
406 2609 519 2677 alieno
542 2610 705 2694 sacrario,
737 2615 774 2679 ct
794 2606 846 2678 ita
868 2606 1059 2693 collocavit,
1090 2612 1133 2677 nt
1154 2608 1319 2698 originem
1341 2607 1471 2677 eruditi

340 2715 489 2783 lectores
502 2717 728 2802 agnoscerent
739 2717 775 2782 ct
787 2713 887 2782 simul
897 2715 1002 2804 ipsius
1014 2713 1174 2782 iudicium
1190 2712 1421 2802 perspicerent
1432 2713 1468 2799 ²).

239 2827 241 2833 ’
341 2819 482 2888 Nomai
509 2819 708 2906 diligentius
738 2818 800 2887 hos
831 2819 923 2887 locos
958 2818 1218 2909 perlustramus,
1251 2837 1393 2906 perraro
1415 2817 1468 2884 in-

344 2926 494 2993 venimus
529 2925 735 2993 sententiam
766 2923 811 2992 ad
843 2927 982 2992 verbum
1004 2924 1226 3012 exscriptam:
1259 2922 1470 3025 plerumque,

224 3119 225 3122 Ἴ
344 3029 435 3118 quod
459 3030 566 3118 Regel
588 3029 624 3095 in
648 3028 888 3097 dissertatione
922 3050 983 3096 sua
1003 3031 1135 3100 ,contra
1155 3027 1372 3116 antiquorum
1394 3049 1471 3095 sen-

341 3135 472 3202 tentiae
503 3134 629 3223 optimc
652 3133 853 3224 illustravit,
885 3132 1089 3201 Mantuanus
1114 3154 1163 3215 ca,
1196 3153 1283 3220 quae
1314 3133 1397 3200 ficta
1418 3132 1471 3198 in-

341 3243 488 3307 venerat
526 3241 568 3306 ab
607 3239 819 3317 auctoribus,
863 3239 1019 3307 mutabat
1061 3237 1220 3305 variabat
1266 3238 1468 3304 exornabat.

343 3345 457 3432 thue
481 3345 547 3410 iam
571 3347 652 3410 ante
667 3342 859 3430 Vergilium
882 3342 1088 3410 exstiterunt
1112 3344 1234 3431 poetae
1257 3341 1386 3425 Latini,
1410 3340 1473 3430 qui

343 3450 459 3516 eadem
491 3451 677 3515 utebantur
711 3447 869 3515 imitandi
902 3447 1047 3531 ratione,
1088 3450 1130 3515 ut
1163 3445 1385 3532 Lucretins⁸),
1422 3444 1474 3512 sic

343 3605 551 3616 ..nn-..W

436 3682 462 3752 1)
483 3683 525 3738 cf.
539 3682 571 3737 G.
585 3682 679 3752 Regel‚
699 3683 742 3738 De
754 3681 877 3752 Vergilio
896 3687 1041 3750 poctarum
1059 3675 1199 3736 imitatore
1218 3680 1375 3736 testimonia
1393 3679 1473 3749 Dius.

345 3772 421 3827 Gott.
443 3775 519 3827 1907,

435 3849 463 3929 2)
483 3860 524 3915 Gt.
543 3861 638 3930 Regcl,
656 3879 683 3930 p.
703 3865 746 3916 43.

435 3951 464 4020 3)
482 3950 524 4004 De
534 3949 658 4004 Lucretii
676 3949 802 4004 imitandi
821 3956 882 4004 arte
905 3947 942 4008 ci.
962 3949 1066 4004 Heinze
1084 3947 1119 4003 ad
1138 3949 1220 4003 Lurr.
1239 3948 1316 4017 III‚6
1335 3945 1421 4018 (quod
1440 3951 1474 4002 te

343 4040 447 4094 imitari
466 4039 560 4110 aveo):
592 4041 656 4108 „Ale
676 4039 958 4094 imitari'bezeicbnet
976 4038 1009 4092 L.
1029 4037 1106 4095 scine
1123 4029 1308 4092 dichterische
1326 4035 1474 4105 Tatigkeit

344 4131 393 4184 mit
412 4129 500 4182 einem
528 4129 556 4183 in
586 4127 636 4183 der
663 4130 817 4184 romiscben
838 4129 935 4182 Pcetik
963 4127 1140 4184 technischcn
1159 4127 1321 4192 susurrem
1350 4141 1381 4181 cr
1409 4141 1474 4179 ver-

342 4220 446 4295 siohtet
464 4217 550 4273 demit
568 4217 620 4272 aui
645 4217 689 4272 die
708 4216 942 4286 Selbsttndigkeit
960 4217 996 4270 im
1015 4215 1115 4285 Stcffe,
1143 4217 1212 4272 aber
1234 4214 1372 4270 durchaus
1391 4214 1475 4269 nicht

343 4307 395 4362 auf
413 4306 457 4362 die
475 4305 711 4374 Selbstandigkeit
729 4305 777 4361 der
792 4306 897 4374 Arbeit,
916 4307 961 4360 die
979 4305 1028 4359 ibn
1045 4305 1082 4359 im
1096 4305 1240 4375 Gegenteil
1257 4304 1307 4358 mit
1325 4303 1473 4358 bccbstem

341 4395 438 4458 fitolze
457 4396 566 4463 crfiillt;
592 4395 641 4450 der
659 4412 737 4449 amor
755 4397 904 4463 Musarum,
925 4411 978 4463 quo
997 4410 1069 4449 nunc
1088 4393 1236 4449 instinctus
1255 4398 1346 4446 mente
1364 4393 1474 4460 vigenti
