3138 5178
555 539 772 603 „91-

94 714 274 800 pecuniam
297 717 358 801 per
379 715 432 780 fas
462 718 498 781 et
520 713 617 780 netas
636 715 809 801 quaerat“,
834 717 870 780 et
893 711 984 798 apud
1005 713 1115 798 ipsum
1130 710 1226 778 Taci-

95 823 174 884 tum
207 818 309 904 (Hist.
325 819 383 884 ΙΠ
399 819 455 902 51)
490 822 643 903 ,tantam
672 819 859 885 victoribus
890 817 1051 884 adversus
1074 817 1138 882 fas
1161 837 1227 882 ne-

96 924 257 1010 fasque
280 923 546 990 inreverentiam
568 923 706 1004 fuisse“,
730 944 817 1010 quae
831 922 961 988 maiore
982 922 1050 987 iam
1065 919 1228 986 audentia

96 1028 352 1116 coniunguntur
374 1031 488 1112 verbe,
522 1051 596 1102 cum
619 1027 667 1094 sic
689 1026 951 1114 interpretanda
974 1049 1047 1093 esse
1070 1026 1228 1093 videatur

98 1133 287 1199 sententia:
320 1135 421 1199 tanta
443 1131 512 1200 fuit
534 1131 766 1198 inreverentia
788 1131 991 1208 victoribus,
1023 1135 1062 1198 ut
1084 1131 1228 1198 fas'non

99 1239 275 1319 facerent,
309 1237 562 1304 committerent
592 1236 689 1303 nefas
703 1239 734 1319 ¹).
789 1235 941 1323 Denique
973 1236 1055 1302 duos
1087 1237 1229 1302 afferam

96 1342 272 1408 annalium
295 1341 397 1424 locon,
421 1342 487 1408 XV
503 1341 545 1406 37
571 1342 662 1428 ,ipse
684 1362 747 1427 per
769 1340 866 1407 licita
889 1344 992 1427 atque
1008 1339 1142 1406 inlicita
1157 1337 1227 1406 foe·

8 1525 9 1534 ,
97 1446 203 1514 datus
226 1446 312 1512 nihil
334 1447 460 1534 flagitii
491 1446 717 1535 reliquerat“,
754 1447 810 1513 ubi
842 1449 961 1512 contra
990 1446 1229 1512 nonnullorum

101 1550 272 1618 editorum
297 1551 486 1638 opinionem
511 1551 663 1634 ,licita“‚
695 1552 724 1618 si
746 1575 817 1619 rem
837 1553 946 1639 ipsam
969 1555 1121 1638 speciae,
1155 1573 1229 1617 esse

98 1677 385 1744 supervacaneum
400 1655 576 1738 contendo,
601 1660 638 1722 et
652 1657 690 1724 H
706 1657 749 1722 38
774 1657 950 1744 ,quibus
975 1657 1114 1722 omnia
1135 1657 1227 1742 prin-

98 1761 221 1848 cipum,
244 1761 440 1827 honesta
463 1764 600 1849 atque
621 1761 888 1843 inhonesta,
919 1761 1115 1827 laudare
1138 1784 1228 1827 mos

7 1859 9 1910 l
99 1869 204 1946 est“,
228 1868 286 1933 uhi
305 1866 495 1954 explicatur
516 1865 604 1931 illud
630 1866 777 1950 ,omnia“
804 1865 917 1934 verbis
932 1864 1106 1948 ,honesta
1124 1869 1228 1952 atque

7 2009 8 2040 1
97 1971 313 2053 inhonesta“,
339 1971 398 2037 sed
420 1971 480 2052 ita,
504 1971 642 2056 utplus
666 1970 851 2057 gravitatis
874 1970 960 2036 insit
982 1973 1087 2038 verbo
1113 1968 1227 2052 ,inho-

7 2085 8 2172 f
97 2078 232 2144 nesta&
278 2076 437 2143 Ceterum
458 2076 590 2142 haece
613 2075 777 2142 Sallustio
810 2075 975 2142 imitando
1009 2075 1124 2142 efficta
1156 2097 1229 2142 esse
1430 2151 1432 2158 Α

99 2180 280 2262 videntur,
312 2181 354 2248 11.
372 2180 447 2247 Cat.
465 2181 551 2263 30‚4
586 2180 640 2264 ,hi
668 2182 805 2270 utrique
834 2180 890 2267 (A.
915 2180 1062 2247 Marcius
1085 2181 1161 2248 Rex
1192 2186 1228 2248 et
1328 2233 1330 2246 .

99 2285 142 2367 Q.
160 2285 320 2357 Metellus
337 2285 490 2352 Creticus
513 2286 549 2351 in
563 2285 726 2372 Apuliam
748 2287 939 2373 circumque
962 2309 1002 2354 ea
1025 2286 1100 2353 loca
1122 2283 1229 2372 missi)

100 2391 147 2456 ad
178 2393 295 2458 urbem
325 2391 546 2477 imperatores
579 2391 693 2473 erant,
725 2391 880 2478 impediti
911 2414 954 2458 ne
976 2392 1229 2480 triumpharent

6 2567 7 2570 Ἴ
100 2495 270 2562 calumnia
293 2516 489 2582 paucorum,
519 2494 681 2580 quibus
706 2495 1068 2563 omnia‘honesta
1090 2500 1229 2584 atque

6 2595 7 2650 ἶ
98 2599 353 2666 inhonesta
384 2600 582 2665 vendere
604 2623 693 2666 mos
717 2604 849 2683 erat“,
874 2601 953 2687 lug.
975 2603 1015 2666 31
1036 2601 1128 2688 ,quis
1144 2599 1239 2666 fides·

6 2695 7 2738 3
102 2705 207 2794 decus
240 2704 367 2791 pietas,
406 2708 575 2790 postremo
609 2703 753 2771 honesta
783 2707 886 2793 atque
908 2705 1087 2772 inhonesta
1118 2705 1230 2771 omnia

6 2797 8 2814 ’
100 2809 257 2892 quaestui
292 2811 408 2890 sunt“‚
445 2808 588 2896 denique
611 2808 691 2895 Jug.
708 2810 795 2892 80,5
821 2810 931 2893 ,caeci
953 2811 1117 2892 avaritia,
1154 2810 1229 2896 quis

6 2903 8 2992 ᾗ
100 2915 229 3011 omnia,
267 2913 467 2980 honesta
499 2916 636 2999 atque
670 2914 937 2996 inhonesta,
976 2915 1121 2984 vendere
1154 2938 1227 2981 mos

102 3019 241 3105 erat“²).
924 3079 926 3084 .
988 3023 991 3033 '
1193 3036 1196 3041 ·

187 3124 277 3190 Hist.
294 3124 409 3190 11179
436 3123 626 3207 „Antonius
649 3143 711 3210 per
726 3121 928 3189 Flaminiam
951 3122 995 3189 ad
1013 3123 1103 3192 Saxo
1125 3127 1229 3191 rubra

100 3229 207 3296 multo
240 3230 308 3296 iam
330 3229 438 3296 noctis
474 3249 620 3293 serum
655 3226 880 3293 auxilium
905 3228 1054 3294 111111ιι
1091 3228 1229 3295 insolite

100 3333 228 3400 dictum
260 3357 323 3421 pro
360 3355 451 3417 ,sero
480 3332 607 3398 auxilio
639 3332 775 3414 venit“,
810 3332 950 3419 respicit
980 3331 1127 3400 fortasse
1149 3334 1228 3402 Livi

99 3439 262 3506 111115
288 3429 469 3522 „Antiates
484 3436 578 3503 mille
594 3435 730 3516 milites,
756 3436 835 3524 quia
857 3460 994 3504 serum
1017 3438 1227 3514 auxilium

99 3545 181 3630 post
201 3543 369 3629 proelium
386 3543 563 3624 venerant,
588 3563 695 3629 prope
710 3563 784 3608 oum
800 3542 985 3628 ignominia
1000 3542 1146 3610 dimissi“
1172 3541 1229 3627 (11.

101 3648 134 3712 X
150 3649 179 3712 ὃ.
196 3648 233 3729 8;
259 3646 399 3713 XXVII
414 3648 466 3711 20.
482 3647 501 3710 3
526 3645 613 3730 etc).
661 3643 889 3711 Commemoro
913 3648 1027 3712 tamen
1043 3647 1147 3713 etiam
1161 3647 1229 3712 Lu-

100 3773 219 3838 canum
243 3751 401 3836 (111890)

110 3879 317 3886 .-.-————-.-—--

194 3929 219 3997 1)
240 3928 281 3981 01.
301 3928 366 3981 Ηο1.
381 3927 434 3996 Ep.
448 3932 472 3994 5,
485 3931 518 3982 87
538 3943 642 3981 venena
660 3943 741 3995 maga
759 3944 813 3980 non
832 3925 876 3980 fas
895 3925 1036 3994 nefasque,
1064 3945 1118 3986 non
1138 3929 1244 3982 valent'

314 4069 316 4074 ,
532 4023 692 4070 convertere
710 4018 854 4070 humanam
875 4016 958 4100 vicem
979 4017 1121 4086 (Meiser.),

192 4106 314 4162 fortasse
333 4107 416 4159 etiam
428 4105 544 4159 Pindari
563 4105 693 4160 01.1130
711 4115 761 4158 τῶν
780 4106 807 4158 δὲ
827 4108 1009 4178 πεπραγμένων
1028 4109 1053 4160 ἐν
1072 4107 1130 4178 δίκᾳ
1147 4109 1230 4160 τεκαὶ

529 4197 598 4265 παρὰ
609 4195 680 4248 δίκαν
690 4195 741 4248 οὐδ’
755 4196 784 4248 ἂν
794 4197 884 4267 χρόνος
896 4196 909 4248 h
919 4196 1022 4248 πάντων
1032 4198 1115 4268 πατὴρ
1126 4196 1230 4250 δύναιτο

292 4333 295 4338 .
526 4283 556 4337 te
578 4304 612 4336 ev.

190 4376 219 4443 2)
239 4372 280 4427 Cf.
300 4373 447 4427 Furneaux
466 4379 494 4426 et
512 4304 635 4457 thlfflin
654 4373 724 4426 Phil.
738 4376 781 4440 26,
801 4390 827 4440 p.
844 4377 901 4428 124.
