3138 5178
637 491 854 554 „77:-

268 659 405 728 ascri
418 663 460 728 ec
476 662 807 748 agiturdecaecina,
825 663 961 730 unam
974 664 1099 751 legato,
1113 667 1206 733 aaa
1221 665 1304 734 fica
1348 663 1352 668 “
1425 648 1432 764 j

180 768 256 831 erat
282 765 414 832 infirma
437 769 473 832 et
496 770 669 853 suspecta,
702 789 778 835 uam
804 769 995 852 „credidere
1017 770 1169 859 plerique
1192 771 1305 838 Flavii

179 867 295 936 Sabini
314 870 463 938 consiliis
488 895 749 940 concussam
767 873 930 942 Caecinae
952 880 1140 944 mentem
1165 880 1241 942 ...“
1268 875 1304 941 id

180 977 234 1042 est
269 974 404 1058 „fidem“
439 976 573 1062 („treue
596 975 811 1066 Gesiunung“
845 979 1097 1070 interpretetur
1124 981 1302 1068 Heraeus),

179 1079 250 1144 scil.
274 1102 357 1168 erga
379 1085 495 1167 partes
518 1085 555 1148 et
577 1081 772 1170 principem.
819 1083 956 1166 ¹Quodsi
977 1085 1133 1152 Lucanus
1156 1085 1239 1153 dicit
1261 1085 1304 1152 de

177 1184 343 1252 militibus
366 1185 482 1253 Petrei
515 1186 624 1273 legati
654 1188 808 1254 oratione
838 1191 1029 1273 commotis,
1063 1213 1105 1257 nc
1128 1213 1244 1278 pacem
1267 1194 1303 1258 et

177 1290 361 1356 amicitiam
372 1291 524 1358 facerent
539 1314 613 1360 cum
634 1293 789 1379 cognatis
804 1295 983 1382 amicisque
1000 1295 1068 1362 suis
1084 1284 1229 1382 (IV235
1239 1297 1303 1385 sq.)
1414 1335 1416 1341 ,

882 1416 930 1483 sio
952 1417 1048 1484 fatur
1073 1421 1109 1484 et
1131 1419 1238 1486 omnis
1257 1416 1260 1426 '

223 1519 448 1586 concussit
472 1525 639 1586 mentes
664 1520 891 1608 scelerumque
913 1521 1052 1588 reduxit
1074 1541 1234 1608 amorem;

176 1639 384 1728 simpliciora
416 1647 510 1710 certe
544 1644 671 1710 Luceni
706 1647 810 1710 verba
844 1647 933 1725 suut,
969 1668 1042 1710 cnm
1074 1649 1203 1713 mentes
1237 1669 1302 1735 pro

176 1743 259 1831 ipsis
283 1746 354 1812 fere
378 1745 543 1814 militibus
567 1752 776 1836 usurpentur
799 1752 871 1832 („er
893 1749 1026 1816 machtc
1049 1750 1116 1817 alle
1138 1749 1302 1818 Soldaten
1390 1816 1391 1821 ,

176 1849 305 1918 wieder
328 1851 600 1938 schwankend“);
625 1837 697 1920 'sed
726 1853 805 1940 quia
835 1854 994 1920 iunctura
1017 1856 1136 1920 horum
1158 1858 1299 1921 vocabu·

174 1954 285 2020 lorum
306 1955 398 2022 haud
420 1957 524 2022 solita
547 1960 609 2041 est,
633 1958 745 2024 locum
767 1957 881 2024 attuli.
975 1957 977 1960 ’
1105 1965 1108 1969 ’

263 2061 305 2126 Iu
327 2061 393 2128 fine
416 2062 497 2142 eius,
531 2085 598 2150 qua
620 2063 736 2148 agitur
767 2059 808 2128 de
831 2063 980 2154 Aemilia
1002 2063 1147 2150 Lepida,
1182 2086 1300 2131 narra-

174 2163 279 2230 tionis
314 2187 375 2234 sua
408 2167 580 2234 brevitate
614 2166 699 2233 dicit
722 2168 861 2233 Tacitus
893 2166 995 2253 (Anu.
1012 2168 1065 2234 VI
1079 2171 1150 2251 40):
1187 2169 1299 2256 „Ergo

175 2269 299 2335 omissa
322 2270 517 2338 defensione
540 2272 671 2339 finem
696 2273 817 2338 vitae
839 2271 926 2338 sibi
949 2273 1130 2358 posuit“.
1178 2275 1301 2342 Nescio

175 2395 220 2440 an
242 2397 309 2440 uon
331 2375 468 2442 insolite
500 2376 592 2442 diota
615 2378 684 2442 siut
707 2376 828 2444 ultima
849 2379 954 2443 verba
986 2401 1047 2464 pro
1070 2383 1190 2446 nostro
1217 2381 1298 2464 „sei-

174 2501 253 2544 nem
275 2479 389 2546 Leben
412 2481 464 2546 ein
484 2480 580 2546 Ende
603 2481 772 2556 machen“‚
796 2482 887 2569 quod
909 2487 1073 2570 quantum
1096 2484 1193 2550 video
1213 2484 1299 2568 alibi

175 2583 378 2669 exprimitur
405 2585 523 2669 „finem
545 2585 640 2654 vitae
663 2587 833 2673 imponere
849 2587 905 2653 vel
920 2587 1062 2654 fccere“.
1096 2587 1210 2669 Quare
1233 2594 1300 2656 for-

173 2691 269 2755 tasse
291 2713 359 2755 non
383 2693 435 2756 est
458 2684 604 2757 alienum
627 2691 764 2758 credere
788 2691 942 2758 Tacitum
966 2695 1118 2759 secutum
1141 2716 1212 2761 esse
1233 2693 1314 2770 Ilua

173 2813 305 2876 canum,
328 2795 387 2881 qui
409 2795 457 2861 sic
480 2796 660 2862 Caesarem
683 2796 871 2885 alloquitur
893 2797 938 2878 (V
952 2797 1065 2883 alell)

677 2911 816 2985 lassare
840 2923 876 2986 et
899 2919 989 3010 disce
1012 2921 1084 2999 siue
1108 2923 1210 2988 armis

219 3012 317 3108 posse
333 3023 415 3108 pati,
439 3022 542 3090 liceat
565 3024 777 3090 scelerum
795 3025 888 3118 tibi
909 3047 1075 3111 ponere
1091 3025 1231 3093 finem.
1256 3067 1299 3076 -

261 3143 371 3211 Semel
394 3148 497 3232 atque
511 3145 635 3212 iterum
647 3146 801 3212 Lucanus
817 3144 948 3211 inducit
971 3145 1116 3234 aliquem
1131 3134 1298 3216 hominem

170 3249 230 3316 vel
252 3249 399 3336 aliquam
421 3273 507 3330 rem,
540 3272 627 3337 qnae
649 3253 802 3316 moretur
824 3251 934 3327 fatum
958 3251 1012 3318 vel
1036 3253 1222 3336 fortunam,
1259 3258 1300 3320 ut
1341 3257 1342 3262 ’

169 3353 286 3420 11581

215 3478 415 3545 indomitum
438 3501 552 3566 regem
570 3481 863 3568 Romanaque
887 3481 988 3548 fata
1010 3487 1290 3562 morantem„

215 3583 261 3649 ad
283 3587 424 3650 mortem
448 3582 543 3650 Sulla
565 3585 699 3651 felicior
721 3585 771 3652 ire
794 3587 898 3671 coegi,

168 3735 258 3802 quae
282 3719 362 3782 sunt
383 3718 489 3782 verba
500 3715 652 3803 Pompeii
676 3717 767 3782 dicta
791 3718 831 3782 de
847 3683 1045 3784 Mithridate
1068 3685 1163 3806 rege:
1187 3720 1296 3804 illum,

169 3820 261 3907 quod
283 3819 392 3906 longe,
416 3842 459 3886 ne
482 3824 718 3908 superaretur,
744 3821 951 3899 obstitisset,
977 3823 1068 3905 fata,
1091 3824 1127 3890 id
1150 3828 1204 3892 est
1226 3826 1315 3892 vic-'
1398 3911 1399 3915 Ἰ

166 3924 279 3990 torias
302 3925 490 4007 Romanas,
524 3947 596 3992 esse
620 3935 804 4006 moratum,
837 3926 890 3993 IV
907 3929 969 3992 351
996 3927 1064 4010 „nil
1087 3929 1163 3995 fata
1184 3952 1294 3996 mora-

164 4031 265 4096 mur“
290 4029 327 4094 in
350 4030 502 4096 oratione
525 4029 650 4095 Afrani
681 4030 868 4096 aCeesarc
892 4033 992 4118 capti,
1024 4033 1107 4100 alibi
1117 4035 1149 4119 ¹).
1197 4033 1293 4101 Simi-

263 4240 288 4307 1)
318 4239 358 4293 ef.
377 4240 477 4293 viles
496 4241 534 4293 nil
554 4241 627 4294 ultra
646 4241 706 4296 fata
730 4243 870 4310 morabor,
897 4244 1000 4298 virae
1020 4247 1069 4298 has
1096 4245 1161 4300 fatis
1182 4247 1295 4300 licuisse

162 4344 269 4384 moras,
