3138 5178
765 493 990 558 -92—*

463 667 523 735 vix
543 667 675 736 miseris
699 691 845 736 serum
867 672 967 737 tauto
989 661 1121 738 lassata
1144 669 1272 756 periclo
1414 750 1415 753 Ἴ

465 773 692 840 auxilium
714 773 853 842 fortune
876 774 980 842 dedit.

314 893 388 977 Quo
421 895 496 962 loeo
527 895 794 976 luculentissime
826 919 989 984 apparere
1020 897 1101 963 mihi
1132 895 1288 980 videtur,
1322 894 1440 964 utrum

313 1004 491 1067 auctorum
525 1004 661 1095 secutus
695 1001 741 1069 sit
764 1000 913 1068 Tacitus.
959 1001 1047 1068 Nam
1080 1004 1116 1069 et
1148 1001 1261 1068 Taciti
1293 1003 1329 1068 et
1360 1001 1441 1070 Livi

313 1107 419 1172 verba
440 1105 571 1172 inserta
592 1108 672 1172 sunt
694 1106 898 1192 proeliorum
917 1106 1208 1194 descriptionibus,
1233 1105 1287 1172 eui
1308 1106 1441 1174 aceedit

313 1211 524 1296 argumento,
548 1209 638 1298 quod
661 1209 835 1297 complura
851 1210 967 1278 eodem
984 1211 1097 1297 capite
1113 1211 1330 1279 eontinentur
1347 1209 1440 1277 dieta

286 1313 468 1380 ‘Liviana

402 1415 567 1486 Similiter
589 1442 643 1488 res
667 1442 740 1492 oum
762 1419 915 1508 proximo
939 1443 974 1488 se
991 1421 1095 1488 habet
1113 1420 1198 1487 loco.
1237 1420 1326 1488 Hist.
1342 1420 1442 1488 1134

314 1523 355 1590 de
385 1522 582 1590 Vitellianis
614 1529 794 1593 narratur:
834 1525 970 1620 „Quieti
1000 1525 1193 1613 intentique
1224 1524 1370 1593 Caecina
1401 1548 1440 1592 ao

295 1628 452 1711 'Valens
484 1619 617 1717 quando
640 1629 748 1714 hostis
770 1628 999 1718 imprudentia
1020 1632 1147 1710 rueret,
1179 1630 1270 1718 quod
1291 1630 1365 1697 loco
1389 1653 1441 1697 sa-

313 1733 465 1822 pientiae
478 1736 558 1815 est,
593 1733 738 1800 alienam
760 1734 948 1820 stultitiam
969 1735 1250 1822 opperiebantur,
1281 1733 1440 1802 inchoato

181 1902 184 1906 .
265 1873 270 1883 ·
313 1842 418 1926 ponte
440 1839 627 1906 transitum
640 1838 727 1906 Padi
750 1839 947 1906 simulantes
968 1837 1132 1907 adversus
1155 1839 1345 1927 oppositam
1366 1839 1440 1926 gla-

313 1943 484 2012 diatorum
514 1966 666 2028 manum,
701 1966 740 2012 ao
771 1967 813 2034 ne
844 1944 994 2032 ipsorum
1025 1944 1121 2011 miles
1152 1967 1283 2032 segne
1307 1946 1442 2012 otium

314 2049 553 2134 tereret“¹).
599 2048 773 2132 Quantum
795 2049 903 2132 video,
926 2049 989 2118 hoo
1011 2050 1156 2138 primum
1179 2049 1327 2120 ooourrit
1349 2049 1442 2138 apud

315 2154 515 2223 Sallustium
538 2153 612 2222 Cat.
637 2157 676 2222 4:
715 2153 811 2239 ,Non
844 2155 913 2221 fuit
945 2153 1121 2222 eonsilium
1153 2154 1308 2222 socordia
1336 2158 1441 2242 atque

315 2259 444 2328 desidia
465 2263 622 2328 bonum
646 2260 787 2328 otium
809 2259 1084 2342 conterere“,
1108 2263 1180 2325 tum
1203 2259 1293 2347 apud
1316 2259 1441 2347 Vergi-

314 2365 398 2432 lium
419 2367 506 2433 Aen.
523 2365 575 2432 IV
591 2365 654 2430 271

532 2509 598 2575 qua
621 2509 680 2574 spe
702 2486 843 2572 Libyeis
866 2487 983 2552 teris
1008 2487 1105 2553 otia
1127 2487 1222 2574 ripis,

305 2610 403 2678 ‘uude
436 2610 617 2699 sumpsisse
638 2593 776 2677 videtur
797 2608 916 2677 Livius
937 2609 1024 2676 157.
1042 2611 1062 2675 5
1097 2609 1203 2696 „regii
1233 2608 1368 2697 quidem
1389 2610 1442 2675 iu-

315 2739 417 2782 venes
439 2715 610 2782 interdum
639 2715 746 2782 otium
776 2714 939 2782 conviviis
962 2715 1319 2802 comissationibusque
1350 2715 1444 2782 inter

255 2819 256 2826 '
315 2844 351 2888 se
383 2823 572 2900 terebant“‚
607 2820 663 2903 (of.
688 2819 774 2903 57‚9
805 2839 888 2907 quas
921 2818 1046 2906 [regias
1072 2818 1189 2907 nurus]
1219 2819 1256 2885 in
1285 2819 1442 2888 convivio

312 2924 462 3014 luxuque
484 2949 559 2992 oum
573 2924 770 3013 aequalibus
795 2923 954 2990 viderant
975 2927 1108 3011 tempus
1131 2924 1329 3011 terentes“).
1365 2922 1443 2990 Hue

208 3035 209 3039 ’
314 3031 445 3099 aceedit
468 3026 597 3098 Lucani
618 3016 763 3096 11488?
1150 3117 1159 3128 „

329 3159 335 3174 “
922 3153 985 3218 hoo
1008 3153 1117 3218 limite
1139 3152 1265 3219 bellum

462 3259 615 3339 haereat,
638 3258 701 3326 hao
723 3256 831 3326 hostis
855 3260 968 3358 lentus
992 3262 1085 3326 terat
1109 3259 1181 3326 otia
1202 3258 1286 3345 ripa.

315 3381 373 3449 Ad
386 3381 477 3448 Ann.
491 3381 578 3449 XVI
593 3383 635 3447 31
662 3386 760 3470 ,post
782 3381 908 3450 altaria
931 3386 966 3449 et
982 3404 1075 3466 aram
1090 3381 1282 3468 complexa“
1308 3380 1444 3463 confert

265 3575 267 3582 γ
314 3487 516 3574 Nipperdey
538 3486 777 3554 Lue1114042
1281 3528 1283 3533 ·
1348 3532 1350 3537 ·

549 3614 701 3678 structae
724 3612 808 3678 diris
831 3613 1066 3679 altaribus
1091 3633 1206 3678 arae.

315 3735 384 3803 Sed
407 3738 510 3802 verba
532 3735 664 3824 saepius
688 3739 870 3802 occurrunt
893 3735 940 3802 sio
963 3713 1157 3801 coniuncta:
1187 3733 1230 3801 ei.
1247 3727 1353 3818 Verg.
1366 3731 1441 3798 llol.

315 3839 349 3906 V
365 3841 407 3906 65
619 3849 621 3854 '

291 3949 299 3962 “
402 3955 447 4020 sis
469 3956 575 4030 bonus
599 3978 617 4019 o
641 3954 791 4042 felixque
813 3955 898 4021 tuisl
923 3977 965 4021 en
987 3958 1152 4042 quattuor
1174 3975 1288 4020 aras:

404 4077 479 4125 eene
501 4057 584 4126 duas
605 4059 682 4143 tibi,
704 4059 851 4148 Daphni,
875 4059 958 4126 duas
982 4059 1152 4126 altaria
1173 4057 1319 4124 Phoebo.

316 4185 364 4194 ..—

405 4245 432 4314 1)
454 4246 588 4314 „Tempus
607 4247 713 4300 terere“
734 4247 778 4301 vel
796 4246 896 4300 similia
915 4244 989 4299 haud
1009 4260 1073 4299 raro
1092 4244 1276 4322 inveniuntur,
1302 4242 1379 4298 cuius
1398 4244 1444 4298 rei

314 4334 441 4404 exempla
460 4333 559 4389 afferre
578 4335 682 4389 omitto.
