3138 5178
554 477 750 544 ..9-

83 673 214 721 revera
236 675 255 721 e
277 652 432 740 Vergilio
454 651 578 720 hausta
599 673 645 722 au
666 652 855 722 communia
876 653 947 736 sint
968 653 1114 722 sermoni
1134 675 1214 744 poe,-

82 765 207 824 tarum
243 756 335 825 haud
373 757 474 825 facile
518 756 697 826 diiudicari
740 757 814 846 ipse
852 757 1012 828 Scbmaus
1050 757 1212 827 concedit.
1292 809 1293 812 ,

82 861 268 930 Proximos
300 868 362 931 eos
389 860 573 951 producam
600 861 703 944 locos,
734 863 794 952 ubi
824 862 997 952 complura
1030 865 1137 931 verba
1157 861 1217 931 vel
1251 873 1255 880 ’

82 969 201 1034 totam
229 967 434 1036 sententium
463 989 507 1036 ex
535 966 648 1036 alieno
670 965 767 1036 fonte
787 967 824 1036 in
847 990 944 1036 suum
966 990 1050 1056 opus
1079 967 1216 1036 induxit

82 1071 240 1140 Tacitus.
279 1071 397 1153 Nemo,
421 1071 480 1160 qui
502 1069 668 1159 scriptum
682 1071 779 1141 videt
794 1093 819 1152 aw
829 1071 949 1141 Tacito
967 1073 1069 1156 (Anu.
1085 1072 1144 1142 III
1157 1072 1214 1159 21)

85 1177 131 1245 de
154 1176 261 1246 Lucio
283 1175 439 1266 Apronio
469 1177 595 1246 bellum
616 1177 653 1244 in
674 1177 796 1246 Africa
817 1181 940 1256 contra
961 1178 1215 1247 Tacfarinatem
1301 1207 1303 1214 ¹

83 1286 233 1370 gerente
246 1303 438 1372 maresque
459 1303 587 1372 poenas
608 1283 651 1351 <le
673 1282 846 1352 seditiosis
861 1282 1027 1350 militibus
1043 1286 1212 1352 sumente:

86 1387 284 1472 „decumum
298 1409 463 1477 quemque
485 1386 728 1474 ignominiosae
743 1386 893 1455 cohortis
916 1396 1035 1457 sorte
1058 1386 1212 1457 ductos

85 1491 207 1560 fusti
227 1495 387 1574 necat“,
421 1491 503 1582 quin
534 1491 663 1562 exitus.
679 1491 871 1562 sententias
903 1493 951 1560 sit
982 1492 1213 1561 Sallustianus

84 1595 235 1680 dubitat,
267 1600 421 1686 sumptus
445 1619 487 1666 ex
509 1597 729 1666 historiarum
750 1597 838 1665 libro
861 1600 997 1686 quarto,
1028 1598 1122 1665 cuius
1144 1597 1212 1686 frg.

84 1701 129 1768 22
142 1701 166 1789 ¹)
188 1722 210 1768 a
232 1697 354 1770 Servio
377 1701 422 1770 ad
438 1701 529 1785 'Aen
551 1701 589 1769 II
604 1701 669 1769 201
691 1700 861 1770 traditum
881 1701 945 1770 hoc
967 1705 1037 1770 est:
1062 1700 1213 1786 „Sorte

84 1807 245 1877 ductos
267 1807 381 1875 fusti
402 1809 564 1876 necat“.
608 1807 681 1875 Iam
704 1807 783 1876 inde
805 1828 827 1874 a
848 1807 965 1898 Lipsio
988 1829 1101 1874 omues
1126 1829 1211 1876 com·

84 1915 295 1980 mentatores
311 1912 372 1980 hos
387 1911 478 1980 locos
492 1913 585 1981 inter
600 1935 637 1980 se
652 1916 945 2002 comparaverunt.
969 1911 1088 2002 Neque
1101 1912 1212 1980 miuus

83 2017 259 2086 luculente
281 2021 428 2107 apparet
456 2017 543 2085 illud
567 2017 687 2101 „virile
709 2039 749 2086 ac
770 2016 935 2086 muliebre
966 2019 1078 2086 secus“
1119 2020 1213 2103 (Anu

82 2122 138 2191 IV
161 2122 250 2209 62)²)
284 2125 396 2190 crtum
418 2144 493 2220 esse
514 2145 532 2190 e
555 2121 712 2191 Sallustii
735 2121 824 2200 Hist.
847 2122 949 2190 1170
974 2122 1152 2207 „Metellus
1175 2121 1212 2190 in

83 2228 285 2296 ulteriorem
300 2227 500 2316 Hispaniam
521 2230 601 2315 post
615 2225 739 2295 annum
752 2248 943 2316 regressus·
954 2248 1078 2316 magna
1100 2227 1211 2315 gloria

84 2331 361 2401 concurrentium
389 2331 717 2420 undique‚«virile
748 2336 794 2400 et
825 2331 1036 2400 muliebre
1056 2343 1210 2417 ‘secns,

84 2437 233 2506 omnium
256 2437 496 2525 visebatur“⁸).
739 2455 752 2508 'i

175 2541 320 2609 ELivii
354 2541 537 2610 innumeris
572 2537 733 2631 exemplis
767 2529 882 2631 pauca*
907 2541 1043 2630 quidem
1075 2542 1209 2632 eligam.
1292 2542 1293 2550 '

85 2647 170 2715 Cum
191 2646 283 2736 apud
306 2647 463 2714 Tacitum
485 2646 636 2717 Gema
659 2649 822 2735 scriptum
843 2647 988 2737 legimus
1013 2668 1119 2736 „quae
1139 2669 1221 2715 nes

85 2774 165 2842 qus
198 2751 469 2820 confirmare
506 2751 715 2848 argumentis
748 2747 888 2841 ne'que
920 2752 1133 2820 refellere
1165 2752 1211 2823 in

85 2857 222 2924 auimo
246 2859 345 2939 est“,
377 2856 474 2925 uobis
497 2858 533 2924 in
555 2866 701 2926 mentem
723 2855 819 2924 venit
847 2856 1073 2946 praefationis
1096 2857 1210 2947 operis

86 2959 222 3029 Liviani
236 2961 321 3050 (cap.
338 2961 373 3049 6)
398 2984 504 3051 „quae
525 2965 606 3030 ante
629 2961 798 3031 conditam
821 2961 1071 3029 condendamve
1091 2963 1210 3030 urbem

86 3065 226 3156 poeticis
248 3066 356 3155 magis
379 3064 503 3135 decora
520 3065 647 3134 fabulis
663 3087 764 3155 quam
784 3067 992 3155 incorruptis
1016 3088 1132 3134 rerum
1153 3089 1209 3156 ge·
1315 3140 1318 3146 ,
1377 3098 1379 3104 ·

88 3175 216 3240 starum
238 3172 462 3240 monumentis
485 3171 681 3259 traduntur,
714 3193 755 3240 ea
785 3193 862 3238 nec
883 3171 1114 3239 affirmare
1136 3193 1208 3240 ne-

87 3299 165 3365 que
195 3276 413 3344 refellere
434 3277 640 3344 inanimo
672 3276 804 3362 est“⁴),
836 3299 923 3364 quac
941 3276 1067 3365 aptius
1085 3275 1208 3384 *bonfa-

176 3437 202 3503 1)
222 3433 347 3489 Sallustii
365 3433 544 3488 historiarum
562 3431 718 3502 fragmenta
744 3422 827 3488 attisli
855 3449 890 3488 ex
908 3431 1028 3488 sditiom
1047 3448 1064 3487 a
1081 3433 1210 3488 Mauram

88 3523 200 3577 brecbsr
218 3521 302 3578 facta.
339 3523 428 3593 (Lips.
449 3524 539 3591 1893).

173 3615 203 3681 2)
223 3609 388 3681 „adfluxere
406 3609 480 3666 audi
507 3611 613 3676 talium,
640 3611 818 3681 imperitante
836 3607 948 3666 Tiberio
966 3609 1064 3680 procul
1082 3610 1209 3680 volupta-

88 3701 159 3756 tibus
176 3700 280 3769 habiti,
307 3700 422 3756 virile
441 3716 480 3755 ac
498 3699 683 3756 muliebre
702 3716 822 3768 secus,
854 3701 941 3754 omnis
969 3705 1055 3770 setas,
1084 3699 1119 3755 ob
1146 3713 1208 3769 pro-

34 3795 40 3808 *
89 3789 273 3860 pinquitatem¹
287 3789 342 3844 loci
361 3787 500 3844 eliusius‘.
615 3841 619 3848 ,
840 3797 842 3802 ’

174 3879 204 3949 3)
223 3876 265 3932 Cf.
284 3877 345 3934 Liv.
363 3878 455 3932 XXVI
472 3881 519 3933 47:
550 3877 728 3948 „Liberorum
757 3879 880 3948 capitum
907 3877 1020 3934 uirile
1038 3893 1144 3933 secus
1171 3877 1208 3933 ad

88 3967 176 4024 docem
195 3967 271 4022 milia
289 3970 397 4036 captat
803 3955 807 3962 ⁶
952 4018 953 4022 ,
1011 4009 1013 4018 .
1123 4027 1124 4030 ¹

174 4058 203 4126 4)
222 4055 322 4112 Verbis
340 4055 432 4112 Taciti
456 4054 532 4111 haud
550 4054 632 4112 dubie
650 4072 666 4110 e
684 4055 763 4111 Livio
791 4057 909 4126 sumptis
937 4057 1017 4126 quasi
1043 4055 1105 4110 finis
1123 4056 1208 4126 impo-

88 4147 160 4200 nitur
176 4146 228 4200 tali
254 4144 423 4200 narrationis
450 4145 533 4214 parti,
562 4160 644 4213 quam
671 4161 722 4200 nos
750 4145 887 4226 capitibus
916 4145 1057 4201 includere
1080 4147 1207 4202 solemus.

88 4235 129 4290 De
145 4236 196 4304 boo¹
214 4235 364 4306 clausulae,
391 4241 424 4290 ut
450 4234 492 4290 ita
516 4231 614 4303 dicam,
641 4249 695 4290 usu
714 4233 827 4290 Taciteo
856 4235 945 4315 infra
959 4233 1117 4306 diligentius
1136 4243 1207 4290 uuo·

88 4324 211 4381 tabimus.
857 4321 858 4325 ’
975 4335 976 4338 ’
