3138 5178
467 509 796 596 »5--γ

112 682 225 772 ipsum
247 682 438 766 imitantur,
462 683 521 772 qui
541 686 622 772 post
636 705 711 751 eum
726 684 875 752 carmina
897 683 1119 772 scripserunt·
1149 683 1240 768 Quid

112 809 195 856 vero
218 784 498 864 hocattinet'ad
521 788 677 856 Tacitum
700 810 816 856 rerum
845 776 1082 878 scriptorem?
1113 791 1239 877 Recor-

113 891 231 960 demur
264 891 431 960 'l'acitum
458 914 585 960 summo
625 892 740 962 studio
774 915 810 962 se
844 893 979 964 dedisse
1012 893 1238 984 eloquentiae,

112 999 285 1065 oratorem
306 1018 388 1065 vero
420 996 513 1065 illius
546 996 683 1080 estatis,
715 997 841 1087 quippe
863 998 923 1086 qui
942 1003 1124 1088 poetarum
1145 1021 1238 1068 mora
1360 1066 1363 1076 ,

113 1123 209 1169 suam
240 1101 312 1190 ipsc
341 1105 476 1171 crearet
506 1101 699 1185 dictionem,
729 1123 798 1169 non
827 1101 927 1172 modo
950 1123 986 1170 so
1008 1103 1144 1172 affinem
1163 1124 1239 1173 esse

111 1206 223 1294 poetis
247 1205 312 1274 sibi
333 1227 409 1274 esse
430 1207 549 1296 visum
575 1203 635 1274 scd
649 1206 755 1286 otiam
768 1210 948 1295 poetarum
971 1205 1043 1275 ritu
1065 1207 1245 1277 imitatum

112 1311 187 1378 csse'
208 1309 330 1378 horum
353 1301 552 1380 sermonem.¹
595 1310 681 1378 Inde
712 1311 762 1392 fit,
795 1315 837 1380 ut
859 1294 949 1400 apud
971 1311 1082 1400 ipsum
1104 1311 1238 1394 Quinti·

111 1413 249 1495 lienum,
266 1415 480 1503 eloquentiae
495 1416 707 1504 magistrum,
730 1419 854 1504 poetae
869 1415 987 1484 Latini
1001 1420 1238 1506 proponantur

111 1518 278 1590 imitandi.
325 1519 455 1590 Deinde
471 1520 699 1608 eloquentiam
713 1519 781 1588 iam
797 1519 854 1587 diu
876 1520 1044 1590 historiae
1066 1522 1237 1610 regionem

110 1624 278 1722 invasisse
310 1628 348 1694 et
378 1625 462 1692 fines
498 1625 641 1694 duarum
675 1624 929 1715 disciplinarum
968 1625 1111 1694 solvisse
1143 1627 1237 1696 inter

110 1751 225 1799 omncs
247 1733 394 1798 constat.
438 1730 514 1813 Huc
536 1730 676 1813 accedit
707 1729 888 1818 quodiam
910 1728 1035 1800 Graeci
1058 1735 1094 1799 et
1115 1739 1240 1818 postes

109 1834 257 1902 Romani
273 1838 507 1921 cognoverunt
523 1838 559 1903 et
572 1831 888 1924 pronuntiaverunt
900 1833 1081 1904 historiam
1100 1836 1237 1906 affinem

111 1959 185 2006 esse
207 1937 279 2007 arti
300 1940 464 2028 poeticae.
511 1939 606 2023 Quae
628 1939 718 2007 ratio
745 1939 973 2024 intercederet
993 1939 1089 2008 inter
1109 1940 1237 2030 poesim
1358 1983 1360 1990 ⁴

110 2046 148 2112 et
179 2043 377 2129 historiam,
410 2043 660 2132 Praxiphenem
693 2043 962 2134 Peripateticum
994 2044 1032 2111 in
1064 2066 1104 2113 eo
1137 2068 1238 2133 :quem

111 2149 178 2236 περὶ
203 2151 332 2236 ἱστορίας
362 2149 501 2240 scripsit
532 2147 667 2238 dialogo
690 2149 746 2238 (cf.
769 2147 961 2218 Marcellini
982 2149 1078 2218 vitae
1100 2149 1236 2239 Thucy·

112 2254 200 2323 didis
234 2276 305 2344 cap.
329 2255 391 2340 29)
422 2247 624 2323 disseruisse
660 2254 839 2323 contendit
871 2252 1040 2322 Rudolfus
1070 2255 1191 2324 Hirzel
1202 2257 1236 2343 ¹).

111 2359 195 2428 Alia
216 2359 424 2430 Graecorum
447 2358 602 2449 exempla
622 2359 773 2448 protulit
792 2358 833 2426 E.
850 2358 1021 2447 Rohds²):
1044 2358 1237 2428 Marcellini

110 2464 204 2533 visse
227 2464 330 2533 Thac.
354 2487 381 2532 c.
404 2465 466 2531 41:
499 2464 668 2550 ἐτόλμησάν
698 2488 773 2538 τινες
796 2465 1014 2549 ἀποφήνασθαι
1036 2464 1083 2530 ὅτι
1106 2463 1179 2553 αὐτὸ
1203 2463 1237 2530 τὸ

22 2601 24 2606 ·
110 2567 189 2643 εἶδος
211 2576 265 2656 τῆς
287 2577 463 2656 συγγραφῆς
487 2571 541 2634 οὐκ
563 2568 626 2634 ἔστι
647 2571 816 2656 ῥητορικῆς,
840 2566 919 2633 ἀλλὰ
940 2577 1107 2656 ποιητικῆς,
1137 2570 1231 2657 Aga·

109 2675 204 2742 thiae
233 2673 362 2744 Histor.
394 2675 503 2764 praef.
528 2675 602 2759 135,
614 2675 658 2742 20
688 2672 753 2760 (ed.
785 2674 824 2741 L.
842 2674 1034 2763 ·Dindorf):
1068 2675 1103 2739 od
1132 2676 1235 2762 πόρρω

110 2779 257 2866 τετάχθαι
281 2781 410 2866 ἱστορίαν
432 2787 598 2866 ποιητικῆς,
622 2777 700 2845 ἀλλὰ
723 2779 817 2866 ἄμφω
832 2784 928 2848 ταῦτα
950 2777 1026 2846 εἶναι
1040 2777 1171 2864 'arslot
1185 2779 1236 2846 καὶ

112 2887 252 2972 ὁμόφυλα
289 2883 341 2950 καὶ
370 2887 461 2973 μόυιμ
497 2884 572 2958 ἴσως
609 2891 652 2973 τῷ
689 2885 788 2972 μέτρῳ
827 2887 968 2971 ἀλλήλοιν
1006 2885 1234 2971 ἀποκεκριμένα.

112 2990 258 3058 Accedit
280 2989 485 3075 Quintiliani
506 2989 739 3058 testimonium
760 2989 807 3077 (X
823 2991 852 3056 1.
865 2989 922 3076 31)
946 2993 1019 3067 „ost
1042 2989 1130 3058 enim
1153 2977 1234 3077 (his-

111 3095 214 3179 toria)
235 3095 392 3184 proxima
412 3094 524 3182 poetis
540 3099 577 3163 et
591 3093 834 3183 quodammodo
857 3116 994 3164 carmcn
1018 3092 1186 3162 solutum“
1199 3095 1235 3180 ⁸).

112 3283 173 3338 aria
184 3281 323 3337 Pieridum
342 3297 460 3351 peragro
478 3282 540 3336 loca
558 3281 660 3336 nullius
679 3288 744 3338 ante
762 3282 830 3339 trita
848 3283 908 3338 solo
926 3281 952 3353 (Ι
970 3282 1036 3352 924)
1055 3273 1130 3336 steht
1147 3280 1237 3337 neben
1306 3317 1309 3321 Δ
1357 3261 1367 3275 ’

111 3370 172 3426 dem
182 3386 259 3426 amor
268 3369 392 3440 Epicuri,
402 3369 452 3425 der
460 3370 606 3425 ihnnurln
615 3369 668 3428 den
676 3371 784 3440 Spuren
795 3355 982 3426 desMeistcis
992 3387 1027 3439 au
1036 3371 1125 3440 gehen
1134 3371 1235 3426 heim!

202 3461 229 3531 1)
248 3460 301 3516 Die
319 3458 612 3530 Thukydideslegends
629 3459 745 3515 Hermes
754 3463 801 3528 13,
820 3476 847 3530 p.
860 3462 965 3529 rssqq.
985 3458 1028 3515 Cf.
1046 3459 1130 3515 etiam
1147 3459 1237 3516 Marc.

113 3551 159 3604 rit.
178 3548 265 3618 Thuc.
284 3552 332 3603 41:
356 3549 397 3602 διά
415 3549 438 3620 γ’
455 3548 500 3602 οὖν
517 3549 547 3602 τὸ
566 3549 667 3622 ὑψηλὸν
686 3549 699 3603 ὁ
719 3545 876 3621 Θουκυδίδης
894 3550 944 3604 καλ
955 3558 1101 3621 ποιητικαῖς·
1115 3549 1237 3610 πολλάκις

113 3640 237 3711 ἐχρήσατο
255 3637 333 3700 λέξεσι
350 3639 394 3692 οιαὶ
413 3647 568 3711 μεταφοραῖς
586 3655 656 3695 τισιν.

201 3728 231 3798 2)
249 3728 307 3782 Der
324 3728 494 3797 griechische
512 3729 620 3784 Roman
647 3727 705 3783 und
730 3729 806 3783 scine
824 3725 992 3782 Vorltnier²
1011 3745 1039 3797 p.
1053 3731 1104 3782 361
1118 3728 1200 3782 Anni.
1212 3729 1236 3782 l.

202 3820 229 3885 3)
251 3813 370 3871 Similem
389 3817 554 3872 sententiam
571 3833 632 3874 esse
646 3818 783 3872 elocutum
795 3832 879 3872 unum
892 3831 907 3871 e
919 3817 1021 3873 nostris
1040 3817 1129 3888 poetis
1148 3831 1237 3886 nuper

115 3906 213 3974 inveni,
242 3903 413 3960 Fridericum
440 3905 502 3962 dico
521 3905 556 3961 de
574 3905 764 3974 Hardenbarg‚
794 3905 841 3974 qui
867 3907 936 3960 haec
955 3905 1024 3960 lacit
1041 3906 1126 3962 rerba
1143 3905 1174 3960 in
1192 3920 1235 3973 aa,

114 4011 194 4065 quarn
212 3994 343 4049 Heinrich
362 4011 415 4048 von
433 3993 615 4064 Ofterdingen
641 3995 757 4062 vocarit,
787 3995 962 4050 narratione:
991 3994 1098 4064 „Wenn
1121 3993 1166 4048 ich
1184 3992 1235 4049 das

112 4085 180 4140 alles
192 4082 272 4139 recht
284 4081 415 4149 bedente,
435 4099 471 4149 so¹
479 4084 587 4139 scheint
598 4099 629 4139 es
641 4085 702 4150 mir,
721 4083 763 4140 sla
775 4099 854 4138 wenn
872 4083 917 4138 ein
930 4082 1234 4142 Geschichtsschreiber

113 4171 268 4242 notwendig
285 4173 356 4226 auch
375 4172 420 4226 ain
437 4172 554 4227 Dichter
571 4172 630 4228 sein
648 4173 749 4240 millite,
777 4171 850 4227 donn
868 4189 922 4227 nur
939 4171 985 4228 die
1003 4172 1119 4227 Dichter
1136 4177 1235 4240 mcgen

113 4263 170 4319 sich
188 4261 239 4318 sul
253 4261 318 4331 jone
336 4259 435 4330 linunt,
464 4260 509 4317 die
526 4261 749 4330 Begebcnhcitcn
768 4261 918 4316 schicklich
937 4278 972 4317 zu
990 4259 1149 4329 verbinden,
1175 4274 1235 4315 ver-

112 4353 232 4409 stehcn.“
323 4397 326 4404 ,
