<?xml version="1.0" encoding="UTF-8"?>
<!DOCTYPE html PUBLIC "-//W3C//DTD XHTML 1.0 Transitional//EN"
    "http://www.w3.org/TR/xhtml1/DTD/xhtml1-transitional.dtd">
<html xmlns="http://www.w3.org/1999/xhtml" xml:lang="en" lang="en">
 <head>
  <title>
</title>
<meta http-equiv="Content-Type" content="text/html;charset=utf-8" />
  <meta name='ocr-system' content='tesseract 3.04.00' />
  <meta name='ocr-capabilities' content='ocr_page ocr_carea ocr_par ocr_line ocrx_word'/>
</head>
<body>
  <div class='ocr_page' id='page_1' title='image "./detacitolvcanii00robbgoog_0026.png"; bbox 0 0 3138 5178; ppageno 0'>
   <div class='ocr_carea' id='block_1_1' title="bbox 567 542 784 607">
    <p class='ocr_par' dir='ltr' id='par_1_1' title="bbox 567 542 784 607">
     <span class='ocr_line' id='line_1_1' title="bbox 567 542 784 607; baseline 0.009 -17"><span class='ocrx_word' id='word_1_1' title='bbox 567 542 784 607; x_wconf 60' lang='lat'>„19-</span> 
     </span>
    </p>
   </div>
   <div class='ocr_carea' id='block_1_2' title="bbox 113 714 1235 909">
    <p class='ocr_par' dir='ltr' id='par_1_2' title="bbox 113 714 1235 909">
     <span class='ocr_line' id='line_1_2' title="bbox 113 714 1235 808; baseline 0.003 -29"><span class='ocrx_word' id='word_1_2' title='bbox 113 714 204 782; x_wconf 88' lang='lat' dir='ltr'>ciore</span> <span class='ocrx_word' id='word_1_3' title='bbox 233 738 315 783; x_wconf 89' lang='lat' dir='ltr'>voce</span> <span class='ocrx_word' id='word_1_4' title='bbox 341 717 541 804; x_wconf 81' lang='lat' dir='ltr'>„sanguine“</span> <span class='ocrx_word' id='word_1_5' title='bbox 568 718 680 783; x_wconf 83' lang='lat' dir='ltr'>utitur</span> <span class='ocrx_word' id='word_1_6' title='bbox 713 719 816 808; x_wconf 72' lang='lat' dir='ltr'>rerbo</span> <span class='ocrx_word' id='word_1_7' title='bbox 848 717 974 805; x_wconf 87' lang='lat' dir='ltr'>poetici</span> <span class='ocrx_word' id='word_1_8' title='bbox 1007 717 1137 800; x_wconf 86' lang='lat' dir='ltr'>coloris,</span> <span class='ocrx_word' id='word_1_9' title='bbox 1170 740 1235 807; x_wconf 92' lang='lat' dir='ltr'>quo</span> 
     </span>
     <span class='ocr_line' id='line_1_3' title="bbox 113 820 1155 909; baseline 0.002 -23"><span class='ocrx_word' id='word_1_10' title='bbox 113 821 276 886; x_wconf 86' lang='lat' dir='ltr'>atrocitas</span> <span class='ocrx_word' id='word_1_11' title='bbox 300 824 402 908; x_wconf 87' lang='lat' dir='ltr'>atque</span> <span class='ocrx_word' id='word_1_12' title='bbox 425 821 571 887; x_wconf 82' lang='lat' dir='ltr'>foeditas</span> <span class='ocrx_word' id='word_1_13' title='bbox 595 820 830 909; x_wconf 70' lang='lat' dir='ltr'>descriptionis</span> <span class='ocrx_word' id='word_1_14' title='bbox 854 822 921 888; x_wconf 85' lang='lat' dir='ltr'>ium</span> <span class='ocrx_word' id='word_1_15' title='bbox 944 823 1155 909; x_wconf 84' lang='lat' dir='ltr'>augeatur¹).</span> 
     </span>
    </p>
   </div>
   <div class='ocr_carea' id='block_1_3' title="bbox 201 925 1335 1010">
    <p class='ocr_par' dir='ltr' id='par_1_3' title="bbox 201 925 1335 1010">
     <span class='ocr_line' id='line_1_4' title="bbox 201 925 1335 1010; baseline 0.003 -17"><span class='ocrx_word' id='word_1_16' title='bbox 201 925 267 998; x_wconf 84' lang='lat' dir='ltr'>Sed</span> <span class='ocrx_word' id='word_1_17' title='bbox 289 949 357 992; x_wconf 91' lang='lat' dir='ltr'>non</span> <span class='ocrx_word' id='word_1_18' title='bbox 378 926 486 1010; x_wconf 80' lang='lat' dir='ltr'>modo,</span> <span class='ocrx_word' id='word_1_19' title='bbox 511 930 550 993; x_wconf 89' lang='lat' dir='ltr'>ut</span> <span class='ocrx_word' id='word_1_20' title='bbox 573 926 670 994; x_wconf 88' lang='lat' dir='ltr'>modo</span> <span class='ocrx_word' id='word_1_21' title='bbox 694 925 874 1010; x_wconf 83' lang='lat' dir='ltr'>docuimus,</span> <span class='ocrx_word' id='word_1_22' title='bbox 906 927 966 994; x_wconf 85' lang='lat' dir='ltr'>alii</span> <span class='ocrx_word' id='word_1_23' title='bbox 989 929 1137 996; x_wconf 85' lang='lat' dir='ltr'>auctoris</span> <span class='ocrx_word' id='word_1_24' title='bbox 1159 953 1235 996; x_wconf 86' lang='lat' dir='ltr'>nar·</span> <span class='ocrx_word' id='word_1_25' title='bbox 1334 963 1335 968; x_wconf 41' lang='lat'>¹</span> 
     </span>
    </p>
   </div>
   <div class='ocr_carea' id='block_1_4' title="bbox 13 1020 1287 3118">
    <p class='ocr_par' dir='ltr' id='par_1_4' title="bbox 13 1020 1287 3118">
     <span class='ocr_line' id='line_1_5' title="bbox 113 1020 1237 1118; baseline 0.004 -22"><span class='ocrx_word' id='word_1_26' title='bbox 113 1031 280 1098; x_wconf 84' lang='lat' dir='ltr'>rationem</span> <span class='ocrx_word' id='word_1_27' title='bbox 311 1033 362 1098; x_wconf 89' lang='lat' dir='ltr'>bis</span> <span class='ocrx_word' id='word_1_28' title='bbox 394 1031 544 1118; x_wconf 88' lang='lat' dir='ltr'>respexit</span> <span class='ocrx_word' id='word_1_29' title='bbox 568 1031 717 1114; x_wconf 77' lang='lat' dir='ltr'>Tacitus,</span> <span class='ocrx_word' id='word_1_30' title='bbox 754 1032 811 1098; x_wconf 91' lang='lat' dir='ltr'>sed</span> <span class='ocrx_word' id='word_1_31' title='bbox 844 1033 948 1100; x_wconf 84' lang='lat' dir='ltr'>etium</span> <span class='ocrx_word' id='word_1_32' title='bbox 979 1020 1148 1100; x_wconf 86' lang='lat' dir='ltr'>interdum</span> <span class='ocrx_word' id='word_1_33' title='bbox 1180 1035 1237 1101; x_wconf 86' lang='lat' dir='ltr'>vel</span> 
     </span>
     <span class='ocr_line' id='line_1_6' title="bbox 113 1130 1237 1225; baseline 0.004 -24"><span class='ocrx_word' id='word_1_34' title='bbox 113 1136 207 1202; x_wconf 85' lang='lat' dir='ltr'>dictu</span> <span class='ocrx_word' id='word_1_35' title='bbox 230 1137 285 1203; x_wconf 89' lang='lat' dir='ltr'>vel</span> <span class='ocrx_word' id='word_1_36' title='bbox 309 1130 496 1204; x_wconf 85' lang='lat' dir='ltr'>sententias</span> <span class='ocrx_word' id='word_1_37' title='bbox 526 1136 616 1225; x_wconf 84' lang='lat' dir='ltr'>apud</span> <span class='ocrx_word' id='word_1_38' title='bbox 637 1136 715 1203; x_wconf 90' lang='lat' dir='ltr'>illos</span> <span class='ocrx_word' id='word_1_39' title='bbox 740 1137 882 1214; x_wconf 86' lang='lat' dir='ltr'>diversis</span> <span class='ocrx_word' id='word_1_40' title='bbox 905 1137 988 1204; x_wconf 92' lang='lat' dir='ltr'>locis</span> <span class='ocrx_word' id='word_1_41' title='bbox 1012 1139 1179 1206; x_wconf 84' lang='lat' dir='ltr'>collocata</span> <span class='ocrx_word' id='word_1_42' title='bbox 1201 1141 1237 1205; x_wconf 91' lang='lat' dir='ltr'>in</span> 
     </span>
     <span class='ocr_line' id='line_1_7' title="bbox 113 1236 1236 1328; baseline 0.003 -21"><span class='ocrx_word' id='word_1_43' title='bbox 113 1236 215 1308; x_wconf 85' lang='lat' dir='ltr'>unuin</span> <span class='ocrx_word' id='word_1_44' title='bbox 237 1243 418 1310; x_wconf 82' lang='lat' dir='ltr'>contraxit.</span> <span class='ocrx_word' id='word_1_45' title='bbox 465 1241 563 1324; x_wconf 70' lang='lat' dir='ltr'>Quod</span> <span class='ocrx_word' id='word_1_46' title='bbox 585 1243 713 1309; x_wconf 83' lang='lat' dir='ltr'>iactum</span> <span class='ocrx_word' id='word_1_47' title='bbox 736 1243 887 1310; x_wconf 89' lang='lat' dir='ltr'>videmus</span> <span class='ocrx_word' id='word_1_48' title='bbox 912 1244 1001 1310; x_wconf 87' lang='lat' dir='ltr'>Hist.</span> <span class='ocrx_word' id='word_1_49' title='bbox 1018 1244 1076 1312; x_wconf 88' lang='grc' dir='ltr'>ΙΠ</span> <span class='ocrx_word' id='word_1_50' title='bbox 1092 1246 1143 1328; x_wconf 85' lang='grc'>73,</span> <span class='ocrx_word' id='word_1_51' title='bbox 1179 1245 1236 1311; x_wconf 90' lang='lat' dir='ltr'>ubi</span> 
     </span>
     <span class='ocr_line' id='line_1_8' title="bbox 111 1345 1234 1435; baseline 0.003 -23"><span class='ocrx_word' id='word_1_52' title='bbox 111 1346 152 1413; x_wconf 90' lang='lat' dir='ltr'>de</span> <span class='ocrx_word' id='word_1_53' title='bbox 175 1345 350 1415; x_wconf 79' lang='lat' dir='ltr'>Flavianis</span> <span class='ocrx_word' id='word_1_54' title='bbox 379 1370 451 1413; x_wconf 91' lang='lat' dir='ltr'>curn</span> <span class='ocrx_word' id='word_1_55' title='bbox 492 1348 654 1417; x_wconf 72' lang='lat' dir='ltr'>militibus</span> <span class='ocrx_word' id='word_1_56' title='bbox 688 1348 836 1435; x_wconf 85' lang='lat' dir='ltr'>partium</span> <span class='ocrx_word' id='word_1_57' title='bbox 854 1348 977 1415; x_wconf 78' lang='lat' dir='ltr'>Vitelli</span> <span class='ocrx_word' id='word_1_58' title='bbox 998 1348 1234 1416; x_wconf 77' lang='lat' dir='ltr'>dimicantibus</span> 
     </span>
     <span class='ocr_line' id='line_1_9' title="bbox 113 1451 1236 1544; baseline 0.007 -27"><span class='ocrx_word' id='word_1_59' title='bbox 113 1451 213 1543; x_wconf 82' lang='lat' dir='ltr'>dicit:</span> <span class='ocrx_word' id='word_1_60' title='bbox 233 1453 305 1535; x_wconf 79' lang='lat' dir='ltr'>„Ex</span> <span class='ocrx_word' id='word_1_61' title='bbox 316 1451 450 1526; x_wconf 84' lang='lat' dir='ltr'>diverso</span> <span class='ocrx_word' id='word_1_62' title='bbox 462 1453 537 1539; x_wconf 83' lang='lat' dir='ltr'>(auf</span> <span class='ocrx_word' id='word_1_63' title='bbox 550 1453 610 1519; x_wconf 87' lang='lat' dir='ltr'>der</span> <span class='ocrx_word' id='word_1_64' title='bbox 622 1453 838 1540; x_wconf 76' lang='lat' dir='ltr'>Gegenseite,</span> <span class='ocrx_word' id='word_1_65' title='bbox 856 1453 1236 1544; x_wconf 79' lang='lat' dir='ltr'>beiderGegenpartei)</span> 
     </span>
     <span class='ocr_line' id='line_1_10' title="bbox 113 1559 1236 1648; baseline 0.004 -25"><span class='ocrx_word' id='word_1_66' title='bbox 113 1559 240 1646; x_wconf 82' lang='lat' dir='ltr'>trepidi</span> <span class='ocrx_word' id='word_1_67' title='bbox 262 1559 398 1641; x_wconf 84' lang='lat' dir='ltr'>milites,</span> <span class='ocrx_word' id='word_1_68' title='bbox 424 1559 491 1624; x_wconf 86' lang='lat' dir='ltr'>dux</span> <span class='ocrx_word' id='word_1_69' title='bbox 509 1559 620 1646; x_wconf 84' lang='lat' dir='ltr'>segnis</span> <span class='ocrx_word' id='word_1_70' title='bbox 645 1562 681 1624; x_wconf 86' lang='lat' dir='ltr'>et</span> <span class='ocrx_word' id='word_1_71' title='bbox 703 1559 800 1626; x_wconf 83' lang='lat' dir='ltr'>velut</span> <span class='ocrx_word' id='word_1_72' title='bbox 822 1562 979 1646; x_wconf 85' lang='lat' dir='ltr'>captus</span> <span class='ocrx_word' id='word_1_73' title='bbox 999 1559 1134 1648; x_wconf 67' lang='lat' dir='ltr'>,enimi</span> <span class='ocrx_word' id='word_1_74' title='bbox 1155 1583 1236 1627; x_wconf 93' lang='lat' dir='ltr'>non</span> 
     </span>
     <span class='ocr_line' id='line_1_11' title="bbox 112 1655 1236 1752; baseline 0.002 -24"><span class='ocrx_word' id='word_1_75' title='bbox 112 1663 288 1752; x_wconf 84' lang='lat' dir='ltr'>lingua,</span> <span class='ocrx_word' id='word_1_76' title='bbox 312 1687 394 1730; x_wconf 91' lang='lat' dir='ltr'>non</span> <span class='ocrx_word' id='word_1_77' title='bbox 417 1663 586 1732; x_wconf 81' lang='lat' dir='ltr'>auribus</span> <span class='ocrx_word' id='word_1_78' title='bbox 610 1667 874 1752; x_wconf 54' lang='lat' dir='ltr'>competes&amp;</span> <span class='ocrx_word' id='word_1_79' title='bbox 1021 1655 1236 1752; x_wconf 63' lang='lat' dir='ltr'>Ad›„oaptus</span> 
     </span>
     <span class='ocr_line' id='line_1_12' title="bbox 112 1769 1262 1852; baseline 0.001 -17"><span class='ocrx_word' id='word_1_80' title='bbox 112 1769 234 1835; x_wconf 85' lang='lat' dir='ltr'>animi“</span> <span class='ocrx_word' id='word_1_81' title='bbox 259 1769 411 1836; x_wconf 82' lang='lat' dir='ltr'>Heraeus</span> <span class='ocrx_word' id='word_1_82' title='bbox 440 1771 543 1836; x_wconf 83' lang='lat' dir='ltr'>affert</span> <span class='ocrx_word' id='word_1_83' title='bbox 566 1769 640 1836; x_wconf 86' lang='lat' dir='ltr'>Liv.</span> <span class='ocrx_word' id='word_1_84' title='bbox 665 1769 790 1835; x_wconf 79' lang='lat' dir='ltr'>V136:</span> <span class='ocrx_word' id='word_1_85' title='bbox 826 1769 901 1852; x_wconf 69' lang='lat' dir='ltr'>„Et</span> <span class='ocrx_word' id='word_1_86' title='bbox 926 1773 965 1834; x_wconf 89' lang='lat' dir='ltr'>ut</span> <span class='ocrx_word' id='word_1_87' title='bbox 988 1769 1092 1836; x_wconf 86' lang='lat' dir='ltr'>ferme</span> <span class='ocrx_word' id='word_1_88' title='bbox 1115 1770 1235 1852; x_wconf 80' lang='lat' dir='ltr'>solent,</span> <span class='ocrx_word' id='word_1_89' title='bbox 1258 1795 1262 1799; x_wconf 92' lang='lat'><em>·</em></span> 
     </span>
     <span class='ocr_line' id='line_1_13' title="bbox 113 1874 1234 1964; baseline 0.001 -25"><span class='ocrx_word' id='word_1_90' title='bbox 113 1875 172 1960; x_wconf 89' lang='lat' dir='ltr'>qui</span> <span class='ocrx_word' id='word_1_91' title='bbox 193 1896 215 1940; x_wconf 81' lang='lat' dir='ltr'>e</span> <span class='ocrx_word' id='word_1_92' title='bbox 237 1874 304 1940; x_wconf 90' lang='lat' dir='ltr'>suis</span> <span class='ocrx_word' id='word_1_93' title='bbox 321 1874 521 1964; x_wconf 79' lang='lat' dir='ltr'>desciscunt,</span> <span class='ocrx_word' id='word_1_94' title='bbox 546 1875 664 1961; x_wconf 84' lang='lat' dir='ltr'>capti</span> <span class='ocrx_word' id='word_1_95' title='bbox 688 1877 724 1940; x_wconf 90' lang='lat' dir='ltr'>et</span> <span class='ocrx_word' id='word_1_96' title='bbox 748 1877 923 1961; x_wconf 81' lang='lat' dir='ltr'>stupentes</span> <span class='ocrx_word' id='word_1_97' title='bbox 947 1874 1076 1941; x_wconf 86' lang='lat' dir='ltr'>animi</span> <span class='ocrx_word' id='word_1_98' title='bbox 1098 1875 1234 1942; x_wconf 84' lang='lat' dir='ltr'>vocibus</span> 
     </span>
     <span class='ocr_line' id='line_1_14' title="bbox 112 1979 1236 2067; baseline -0.002 -21"><span class='ocrx_word' id='word_1_99' title='bbox 112 1980 231 2046; x_wconf 90' lang='lat' dir='ltr'>alienis</span> <span class='ocrx_word' id='word_1_100' title='bbox 254 1979 290 2051; x_wconf 79' lang='lat' dir='ltr'>id</span> <span class='ocrx_word' id='word_1_101' title='bbox 311 1980 419 2062; x_wconf 84' lang='lat' dir='ltr'>modo,</span> <span class='ocrx_word' id='word_1_102' title='bbox 445 1981 533 2067; x_wconf 85' lang='lat' dir='ltr'>quod</span> <span class='ocrx_word' id='word_1_103' title='bbox 551 1979 641 2045; x_wconf 88' lang='lat' dir='ltr'>domi</span> <span class='ocrx_word' id='word_1_104' title='bbox 656 1985 871 2067; x_wconf 86' lang='lat' dir='ltr'>praeceptum</span> <span class='ocrx_word' id='word_1_105' title='bbox 895 1987 980 2062; x_wconf 86' lang='lat' dir='ltr'>erat,</span> <span class='ocrx_word' id='word_1_106' title='bbox 1003 1979 1236 2046; x_wconf 82' lang='lat' dir='ltr'>intercessioni</span> 
     </span>
     <span class='ocr_line' id='line_1_15' title="bbox 13 2084 1236 2173; baseline -0.001 -22"><span class='ocrx_word' id='word_1_107' title='bbox 13 2091 17 2096; x_wconf 87' lang='lat'>&#39;</span> <span class='ocrx_word' id='word_1_108' title='bbox 112 2107 191 2152; x_wconf 86' lang='lat' dir='ltr'>suae</span> <span class='ocrx_word' id='word_1_109' title='bbox 226 2085 496 2173; x_wconf 86' lang='lat' dir='ltr'>praetendebant</span> <span class='ocrx_word' id='word_1_110' title='bbox 507 2085 540 2172; x_wconf 79' lang='lat'>²),</span> <span class='ocrx_word' id='word_1_111' title='bbox 576 2084 619 2150; x_wconf 87' lang='lat' dir='ltr'>ad</span> <span class='ocrx_word' id='word_1_112' title='bbox 653 2089 757 2151; x_wconf 89' lang='lat' dir='ltr'>verba</span> <span class='ocrx_word' id='word_1_113' title='bbox 791 2085 966 2172; x_wconf 86' lang='lat' dir='ltr'>sequentia</span> <span class='ocrx_word' id='word_1_114' title='bbox 998 2084 1079 2152; x_wconf 85' lang='lat' dir='ltr'>Sall.</span> <span class='ocrx_word' id='word_1_115' title='bbox 1104 2085 1236 2150; x_wconf 85' lang='lat' dir='ltr'>Histl</span> 
     </span>
     <span class='ocr_line' id='line_1_16' title="bbox 111 2169 1237 2286; baseline 0.001 -30"><span class='ocrx_word' id='word_1_116' title='bbox 111 2191 177 2277; x_wconf 82' lang='lat' dir='ltr'>frg.</span> <span class='ocrx_word' id='word_1_117' title='bbox 196 2192 275 2256; x_wconf 82' lang='lat'>136:</span> <span class='ocrx_word' id='word_1_118' title='bbox 308 2191 382 2276; x_wconf 79' lang='lat' dir='ltr'>„Sic</span> <span class='ocrx_word' id='word_1_119' title='bbox 397 2169 477 2258; x_wconf 77' lang='lat' dir='ltr'>lvero</span> <span class='ocrx_word' id='word_1_120' title='bbox 494 2191 590 2276; x_wconf 85' lang='lat' dir='ltr'>quasi</span> <span class='ocrx_word' id='word_1_121' title='bbox 605 2189 785 2256; x_wconf 85' lang='lat' dir='ltr'>formidine</span> <span class='ocrx_word' id='word_1_122' title='bbox 803 2191 972 2256; x_wconf 85' lang='lat' dir='ltr'>attonitus</span> <span class='ocrx_word' id='word_1_123' title='bbox 994 2211 1102 2278; x_wconf 89' lang='lat' dir='ltr'>neque</span> <span class='ocrx_word' id='word_1_124' title='bbox 1124 2178 1237 2286; x_wconf 73' lang='lat' dir='ltr'>animo</span> 
     </span>
     <span class='ocr_line' id='line_1_17' title="bbox 110 2285 1287 2384; baseline -0.001 -23"><span class='ocrx_word' id='word_1_125' title='bbox 110 2319 251 2384; x_wconf 89' lang='lat' dir='ltr'>neque</span> <span class='ocrx_word' id='word_1_126' title='bbox 288 2297 467 2364; x_wconf 84' lang='lat' dir='ltr'>auribus</span> <span class='ocrx_word' id='word_1_127' title='bbox 506 2299 580 2362; x_wconf 85' lang='lat' dir='ltr'>aut</span> <span class='ocrx_word' id='word_1_128' title='bbox 619 2295 771 2382; x_wconf 83' lang='lat' dir='ltr'>lingua</span> <span class='ocrx_word' id='word_1_129' title='bbox 800 2285 918 2361; x_wconf 68' lang='lat' dir='ltr'>&#39;satis</span> <span class='ocrx_word' id='word_1_130' title='bbox 957 2298 1234 2382; x_wconf 57' lang='lat' dir='ltr'>competeret</span> <span class='ocrx_word' id='word_1_131' title='bbox 1286 2375 1287 2380; x_wconf 5' lang='grc' dir='ltr'>ἵ</span> 
     </span>
     <span class='ocr_line' id='line_1_18' title="bbox 58 2399 1240 2488; baseline -0.003 -20"><span class='ocrx_word' id='word_1_132' title='bbox 58 2461 61 2468; x_wconf 88' lang='grc'>.</span> <span class='ocrx_word' id='word_1_133' title='bbox 113 2403 205 2466; x_wconf 88' lang='lat' dir='ltr'>Bene</span> <span class='ocrx_word' id='word_1_134' title='bbox 228 2401 336 2488; x_wconf 84' lang='lat' dir='ltr'>igitur</span> <span class='ocrx_word' id='word_1_135' title='bbox 363 2401 580 2468; x_wconf 82' lang='lat' dir='ltr'>contenditur</span> <span class='ocrx_word' id='word_1_136' title='bbox 612 2399 694 2466; x_wconf 88' lang='lat' dir='ltr'>duos</span> <span class='ocrx_word' id='word_1_137' title='bbox 725 2400 804 2466; x_wconf 91' lang='lat' dir='ltr'>illos</span> <span class='ocrx_word' id='word_1_138' title='bbox 835 2400 926 2476; x_wconf 81' lang='lat' dir='ltr'>locos</span> <span class='ocrx_word' id='word_1_139' title='bbox 949 2401 985 2465; x_wconf 92' lang='lat' dir='ltr'>in</span> <span class='ocrx_word' id='word_1_140' title='bbox 1007 2400 1069 2466; x_wconf 92' lang='lat' dir='ltr'>hoc</span> <span class='ocrx_word' id='word_1_141' title='bbox 1091 2401 1240 2480; x_wconf 25' lang='lat' dir='ltr'>unum&#39;a&#39;</span> 
     </span>
     <span class='ocr_line' id='line_1_19' title="bbox 112 2501 1235 2599; baseline 0 -29"><span class='ocrx_word' id='word_1_142' title='bbox 112 2505 231 2592; x_wconf 82' lang='lat' dir='ltr'>Tacito</span> <span class='ocrx_word' id='word_1_143' title='bbox 256 2529 328 2572; x_wconf 89' lang='lat' dir='ltr'>esse</span> <span class='ocrx_word' id='word_1_144' title='bbox 351 2509 495 2599; x_wconf 75' lang='lat' dir='ltr'>coactor,</span> <span class='ocrx_word' id='word_1_145' title='bbox 526 2504 683 2572; x_wconf 85' lang='lat' dir='ltr'>Sallustii</span> <span class='ocrx_word' id='word_1_146' title='bbox 706 2528 786 2572; x_wconf 87' lang='lat' dir='ltr'>vero</span> <span class='ocrx_word' id='word_1_147' title='bbox 810 2507 914 2571; x_wconf 85' lang='lat' dir='ltr'>verba</span> <span class='ocrx_word' id='word_1_148' title='bbox 936 2505 1060 2571; x_wconf 84' lang='lat' dir='ltr'>iterum</span> <span class='ocrx_word' id='word_1_149' title='bbox 1083 2527 1155 2571; x_wconf 89' lang='lat' dir='ltr'>esse</span> <span class='ocrx_word' id='word_1_150' title='bbox 1178 2501 1235 2572; x_wconf 81' lang='lat' dir='ltr'>ad-</span> 
     </span>
     <span class='ocr_line' id='line_1_20' title="bbox 113 2608 1235 2698; baseline 0.002 -23"><span class='ocrx_word' id='word_1_151' title='bbox 113 2608 497 2678; x_wconf 79' lang='lat' dir='ltr'>hibitaAnn.11146:</span> <span class='ocrx_word' id='word_1_152' title='bbox 535 2610 723 2698; x_wconf 86' lang='lat' dir='ltr'>„Oppidani</span> <span class='ocrx_word' id='word_1_153' title='bbox 754 2633 894 2697; x_wconf 87' lang='lat' dir='ltr'>neque</span> <span class='ocrx_word' id='word_1_154' title='bbox 924 2609 1064 2676; x_wconf 87' lang='lat' dir='ltr'>oculis</span> <span class='ocrx_word' id='word_1_155' title='bbox 1098 2632 1235 2696; x_wconf 90' lang='lat' dir='ltr'>neque</span> 
     </span>
     <span class='ocr_line' id='line_1_21' title="bbox 30 2703 1234 2802; baseline 0.001 -24"><span class='ocrx_word' id='word_1_156' title='bbox 30 2711 33 2718; x_wconf 77' lang='grc'><em>’</em></span> <span class='ocrx_word' id='word_1_157' title='bbox 112 2715 289 2780; x_wconf 84' lang='lat' dir='ltr'>auribus</span> <span class='ocrx_word' id='word_1_158' title='bbox 324 2716 437 2781; x_wconf 85' lang='lat' dir='ltr'>satis</span> <span class='ocrx_word' id='word_1_159' title='bbox 472 2713 823 2802; x_wconf 70' lang='lat' dir='ltr'>competebant3).</span> <span class='ocrx_word' id='word_1_160' title='bbox 849 2703 851 2708; x_wconf 40' lang='lat'><strong>¹</strong></span> <span class='ocrx_word' id='word_1_161' title='bbox 875 2714 986 2780; x_wconf 85' lang='lat' dir='ltr'>Minus</span> <span class='ocrx_word' id='word_1_162' title='bbox 1021 2714 1116 2780; x_wconf 82' lang='lat' dir='ltr'>velet</span> <span class='ocrx_word' id='word_1_163' title='bbox 1150 2713 1234 2781; x_wconf 83' lang='lat' dir='ltr'>Ger-</span> 
     </span>
     <span class='ocr_line' id='line_1_22' title="bbox 111 2818 1235 2918; baseline 0.002 -35"><span class='ocrx_word' id='word_1_164' title='bbox 111 2819 243 2918; x_wconf 74' lang='lat' dir='ltr'>maniae</span> <span class='ocrx_word' id='word_1_165' title='bbox 265 2820 356 2886; x_wconf 87' lang='lat' dir='ltr'>locus</span> <span class='ocrx_word' id='word_1_166' title='bbox 380 2821 515 2902; x_wconf 66' lang='lat' dir='ltr'>(aus),</span> <span class='ocrx_word' id='word_1_167' title='bbox 552 2835 649 2908; x_wconf 87' lang='lat' dir='ltr'>quem</span> <span class='ocrx_word' id='word_1_168' title='bbox 681 2826 795 2886; x_wconf 85' lang='lat' dir='ltr'>tamen</span> <span class='ocrx_word' id='word_1_169' title='bbox 817 2818 908 2885; x_wconf 88' lang='lat' dir='ltr'>haud</span> <span class='ocrx_word' id='word_1_170' title='bbox 931 2819 1102 2885; x_wconf 80' lang='lat' dir='ltr'>omittam:</span> <span class='ocrx_word' id='word_1_171' title='bbox 1140 2818 1235 2902; x_wconf 86' lang='lat' dir='ltr'>„Cibi</span> 
     </span>
     <span class='ocr_line' id='line_1_23' title="bbox 114 2923 1235 3012; baseline 0.002 -24"><span class='ocrx_word' id='word_1_172' title='bbox 114 2923 297 3010; x_wconf 83' lang='lat' dir='ltr'>simplices:</span> <span class='ocrx_word' id='word_1_173' title='bbox 333 2925 530 3012; x_wconf 80' lang='lat' dir='ltr'>agrestia</span> <span class='ocrx_word' id='word_1_174' title='bbox 557 2947 695 3012; x_wconf 82' lang='lat' dir='ltr'>poma,</span> <span class='ocrx_word' id='word_1_175' title='bbox 727 2947 842 2992; x_wconf 86' lang='lat' dir='ltr'>recens</span> <span class='ocrx_word' id='word_1_176' title='bbox 865 2925 940 2990; x_wconf 85' lang='lat' dir='ltr'>fera</span> <span class='ocrx_word' id='word_1_177' title='bbox 962 2928 1023 2991; x_wconf 87' lang='lat' dir='ltr'>aut</span> <span class='ocrx_word' id='word_1_178' title='bbox 1045 2924 1114 2990; x_wconf 89' lang='lat' dir='ltr'>lac</span> <span class='ocrx_word' id='word_1_179' title='bbox 1137 2946 1235 2990; x_wconf 89' lang='lat' dir='ltr'>con-</span> 
     </span>
     <span class='ocr_line' id='line_1_24' title="bbox 112 3029 1234 3118; baseline -0.001 -23"><span class='ocrx_word' id='word_1_180' title='bbox 112 3033 309 3112; x_wconf 86' lang='lat' dir='ltr'>cretum“,</span> <span class='ocrx_word' id='word_1_181' title='bbox 345 3053 486 3118; x_wconf 88' lang='lat' dir='ltr'>quocum</span> <span class='ocrx_word' id='word_1_182' title='bbox 519 3031 592 3097; x_wconf 81' lang='lat' dir='ltr'>l‘oco</span> <span class='ocrx_word' id='word_1_183' title='bbox 628 3033 825 3118; x_wconf 83' lang='lat' dir='ltr'>comparant</span> <span class='ocrx_word' id='word_1_184' title='bbox 847 3029 1008 3096; x_wconf 72' lang='lat' dir='ltr'>Solimus</span> <span class='ocrx_word' id='word_1_185' title='bbox 1043 3030 1087 3117; x_wconf 87' lang='lat' dir='ltr'>(p.</span> <span class='ocrx_word' id='word_1_186' title='bbox 1114 3029 1166 3116; x_wconf 79' lang='lat'>15)</span> <span class='ocrx_word' id='word_1_187' title='bbox 1198 3032 1234 3094; x_wconf 85' lang='lat' dir='ltr'>ot</span> 
     </span>
    </p>
   </div>
   <div class='ocr_carea' id='block_1_5' title="bbox 111 3228 1235 4371">
    <p class='ocr_par' dir='ltr' id='par_1_5' title="bbox 111 3228 1235 3921">
     <span class='ocr_line' id='line_1_25' title="bbox 204 3228 1235 3299; baseline -0.001 -17"><span class='ocrx_word' id='word_1_188' title='bbox 204 3230 230 3299; x_wconf 87' lang='lat'>1)</span> <span class='ocrx_word' id='word_1_189' title='bbox 251 3229 291 3282; x_wconf 89' lang='lat' dir='ltr'>Cf.</span> <span class='ocrx_word' id='word_1_190' title='bbox 314 3231 396 3284; x_wconf 82' lang='lat' dir='ltr'>etiam</span> <span class='ocrx_word' id='word_1_191' title='bbox 415 3231 485 3285; x_wconf 87' lang='lat' dir='ltr'>Hist.</span> <span class='ocrx_word' id='word_1_192' title='bbox 500 3231 538 3284; x_wconf 85' lang='grc' dir='ltr'>ΙΙΙ</span> <span class='ocrx_word' id='word_1_193' title='bbox 552 3234 586 3284; x_wconf 78' lang='lat'>35</span> <span class='ocrx_word' id='word_1_194' title='bbox 607 3237 743 3298; x_wconf 80' lang='lat' dir='ltr'>„ceterum</span> <span class='ocrx_word' id='word_1_195' title='bbox 764 3228 890 3282; x_wconf 86' lang='lat' dir='ltr'>adsidere</span> <span class='ocrx_word' id='word_1_196' title='bbox 903 3229 1029 3297; x_wconf 83' lang='lat' dir='ltr'>sepultae</span> <span class='ocrx_word' id='word_1_197' title='bbox 1043 3228 1118 3281; x_wconf 90' lang='lat' dir='ltr'>urbis</span> <span class='ocrx_word' id='word_1_198' title='bbox 1138 3229 1235 3281; x_wconf 87' lang='lat' dir='ltr'>ruinae</span> 
     </span>
     <span class='ocr_line' id='line_1_26' title="bbox 113 3317 1232 3387; baseline -0.001 -17"><span class='ocrx_word' id='word_1_199' title='bbox 113 3319 224 3372; x_wconf 82' lang='lat' dir='ltr'>noxia</span> <span class='ocrx_word' id='word_1_200' title='bbox 242 3319 330 3372; x_wconf 84' lang='lat' dir='ltr'>tabo</span> <span class='ocrx_word' id='word_1_201' title='bbox 348 3320 474 3374; x_wconf 83' lang='lat' dir='ltr'>humus</span> <span class='ocrx_word' id='word_1_202' title='bbox 493 3337 547 3372; x_wconf 92' lang='lat' dir='ltr'>non</span> <span class='ocrx_word' id='word_1_203' title='bbox 576 3319 726 3387; x_wconf 77' lang='lat' dir='ltr'>permisit“‚</span> <span class='ocrx_word' id='word_1_204' title='bbox 755 3319 802 3371; x_wconf 91' lang='lat' dir='ltr'>ubi</span> <span class='ocrx_word' id='word_1_205' title='bbox 821 3319 902 3372; x_wconf 90' lang='lat' dir='ltr'>verbo</span> <span class='ocrx_word' id='word_1_206' title='bbox 921 3317 996 3371; x_wconf 84' lang='lat' dir='ltr'>haud</span> <span class='ocrx_word' id='word_1_207' title='bbox 1015 3317 1096 3371; x_wconf 82' lang='lat' dir='ltr'>solito</span> <span class='ocrx_word' id='word_1_208' title='bbox 1119 3319 1232 3386; x_wconf 84' lang='lat' dir='ltr'>„noxie“</span> 
     </span>
     <span class='ocr_line' id='line_1_27' title="bbox 111 3405 1231 3476; baseline 0.002 -18"><span class='ocrx_word' id='word_1_209' title='bbox 111 3406 143 3460; x_wconf 84' lang='lat' dir='ltr'>fit</span> <span class='ocrx_word' id='word_1_210' title='bbox 161 3408 214 3460; x_wconf 83' lang='lat' dir='ltr'>iem</span> <span class='ocrx_word' id='word_1_211' title='bbox 233 3409 320 3465; x_wconf 85' lang='lat' dir='ltr'>maior</span> <span class='ocrx_word' id='word_1_212' title='bbox 338 3407 465 3464; x_wconf 84' lang='lat' dir='ltr'>dictionis</span> <span class='ocrx_word' id='word_1_213' title='bbox 485 3409 604 3462; x_wconf 84' lang='lat' dir='ltr'>licentia.</span> <span class='ocrx_word' id='word_1_214' title='bbox 647 3409 796 3462; x_wconf 84' lang='lat' dir='ltr'>Praeterea</span> <span class='ocrx_word' id='word_1_215' title='bbox 815 3412 880 3476; x_wconf 82' lang='lat' dir='ltr'>apte</span> <span class='ocrx_word' id='word_1_216' title='bbox 900 3406 1042 3461; x_wconf 81' lang='lat' dir='ltr'>confertur</span> <span class='ocrx_word' id='word_1_217' title='bbox 1062 3405 1110 3460; x_wconf 87' lang='lat' dir='ltr'>Sil.</span> <span class='ocrx_word' id='word_1_218' title='bbox 1128 3405 1231 3460; x_wconf 75' lang='lat'>[11847</span> 
     </span>
     <span class='ocr_line' id='line_1_28' title="bbox 116 3497 1234 3564; baseline 0.002 -16"><span class='ocrx_word' id='word_1_219' title='bbox 116 3498 176 3564; x_wconf 81' lang='lat' dir='ltr'>„hic</span> <span class='ocrx_word' id='word_1_220' title='bbox 195 3498 326 3564; x_wconf 82' lang='lat' dir='ltr'>sanguine</span> <span class='ocrx_word' id='word_1_221' title='bbox 343 3498 428 3551; x_wconf 86' lang='lat' dir='ltr'>multo</span> <span class='ocrx_word' id='word_1_222' title='bbox 455 3497 574 3552; x_wconf 79' lang='lat' dir='ltr'>iniectae</span> <span class='ocrx_word' id='word_1_223' title='bbox 602 3499 720 3552; x_wconf 86' lang='lat' dir='ltr'>rubuere</span> <span class='ocrx_word' id='word_1_224' title='bbox 750 3498 840 3552; x_wconf 81' lang='lat' dir='ltr'>nives“</span> <span class='ocrx_word' id='word_1_225' title='bbox 861 3498 908 3550; x_wconf 90' lang='lat' dir='ltr'>ubi</span> <span class='ocrx_word' id='word_1_226' title='bbox 927 3497 1022 3550; x_wconf 89' lang='lat' dir='ltr'>melius</span> <span class='ocrx_word' id='word_1_227' title='bbox 1042 3497 1096 3550; x_wconf 86' lang='lat' dir='ltr'>iam</span> <span class='ocrx_word' id='word_1_228' title='bbox 1116 3505 1234 3564; x_wconf 81' lang='lat' dir='ltr'>apparet</span> 
     </span>
     <span class='ocr_line' id='line_1_29' title="bbox 116 3584 1234 3662; baseline 0.002 -24"><span class='ocrx_word' id='word_1_229' title='bbox 116 3584 257 3653; x_wconf 80' lang='lat' dir='ltr'>„inficere“</span> <span class='ocrx_word' id='word_1_230' title='bbox 287 3585 341 3641; x_wconf 87' lang='lat' dir='ltr'>dici</span> <span class='ocrx_word' id='word_1_231' title='bbox 369 3604 419 3655; x_wconf 89' lang='lat' dir='ltr'>pro</span> <span class='ocrx_word' id='word_1_232' title='bbox 450 3589 598 3662; x_wconf 81' lang='lat' dir='ltr'>„tingere“,</span> <span class='ocrx_word' id='word_1_233' title='bbox 627 3588 874 3642; x_wconf 75' lang='lat' dir='ltr'>utLucr.11501</span> <span class='ocrx_word' id='word_1_234' title='bbox 906 3602 1046 3656; x_wconf 83' lang='lat' dir='ltr'>„purpura</span> <span class='ocrx_word' id='word_1_235' title='bbox 1075 3587 1234 3642; x_wconf 84' lang='lat' dir='ltr'>Thessalico</span> 
     </span>
     <span class='ocr_line' id='line_1_30' title="bbox 114 3675 1235 3746; baseline 0.004 -20"><span class='ocrx_word' id='word_1_236' title='bbox 114 3675 277 3728; x_wconf 83' lang='lat' dir='ltr'>concharum</span> <span class='ocrx_word' id='word_1_237' title='bbox 297 3675 399 3729; x_wconf 82' lang='lat' dir='ltr'>infecta</span> <span class='ocrx_word' id='word_1_238' title='bbox 418 3676 536 3731; x_wconf 87' lang='lat' dir='ltr'>colore“.</span> <span class='ocrx_word' id='word_1_239' title='bbox 568 3676 611 3730; x_wconf 87' lang='lat' dir='ltr'>Ad</span> <span class='ocrx_word' id='word_1_240' title='bbox 630 3678 705 3731; x_wconf 88' lang='lat' dir='ltr'>locos</span> <span class='ocrx_word' id='word_1_241' title='bbox 725 3692 810 3745; x_wconf 84' lang='lat' dir='ltr'>supra</span> <span class='ocrx_word' id='word_1_242' title='bbox 829 3677 928 3732; x_wconf 84' lang='lat' dir='ltr'>allatos</span> <span class='ocrx_word' id='word_1_243' title='bbox 948 3675 984 3732; x_wconf 85' lang='lat' dir='ltr'>of.</span> <span class='ocrx_word' id='word_1_244' title='bbox 1004 3684 1150 3746; x_wconf 82' lang='lat' dir='ltr'>praeterea</span> <span class='ocrx_word' id='word_1_245' title='bbox 1169 3676 1235 3730; x_wconf 81' lang='lat' dir='ltr'>Sall.</span> 
     </span>
     <span class='ocr_line' id='line_1_31' title="bbox 113 3763 1235 3835; baseline 0.002 -20"><span class='ocrx_word' id='word_1_246' title='bbox 113 3763 185 3817; x_wconf 82' lang='lat' dir='ltr'>Hist.</span> <span class='ocrx_word' id='word_1_247' title='bbox 206 3764 215 3815; x_wconf 92' lang='lat' dir='ltr'>l</span> <span class='ocrx_word' id='word_1_248' title='bbox 236 3767 278 3829; x_wconf 83' lang='lat'>55,</span> <span class='ocrx_word' id='word_1_249' title='bbox 292 3768 338 3817; x_wconf 79' lang='lat'>14:</span> <span class='ocrx_word' id='word_1_250' title='bbox 369 3767 469 3832; x_wconf 81' lang='lat' dir='ltr'>„Simul</span> <span class='ocrx_word' id='word_1_251' title='bbox 497 3767 631 3820; x_wconf 84' lang='lat' dir='ltr'>humanas</span> <span class='ocrx_word' id='word_1_252' title='bbox 659 3767 764 3820; x_wconf 85' lang='lat' dir='ltr'>hostias</span> <span class='ocrx_word' id='word_1_253' title='bbox 791 3766 898 3820; x_wconf 78' lang='lat' dir='ltr'>vidistis</span> <span class='ocrx_word' id='word_1_254' title='bbox 931 3771 959 3820; x_wconf 86' lang='lat' dir='ltr'>et</span> <span class='ocrx_word' id='word_1_255' title='bbox 977 3766 1104 3835; x_wconf 83' lang='lat' dir='ltr'>sepulcra</span> <span class='ocrx_word' id='word_1_256' title='bbox 1130 3764 1235 3819; x_wconf 78' lang='lat' dir='ltr'>iniecta</span> 
     </span>
     <span class='ocr_line' id='line_1_32' title="bbox 115 3852 365 3921; baseline 0.004 -14"><span class='ocrx_word' id='word_1_257' title='bbox 115 3852 249 3921; x_wconf 85' lang='lat' dir='ltr'>sunguine</span> <span class='ocrx_word' id='word_1_258' title='bbox 268 3853 365 3908; x_wconf 84' lang='lat' dir='ltr'>civili“.</span> 
     </span>
    </p>

    <p class='ocr_par' dir='ltr' id='par_1_6' title="bbox 112 3942 1234 4178">
     <span class='ocr_line' id='line_1_33' title="bbox 203 3942 1234 4014; baseline 0.002 -20"><span class='ocrx_word' id='word_1_259' title='bbox 203 3945 231 4011; x_wconf 78' lang='lat'>2)</span> <span class='ocrx_word' id='word_1_260' title='bbox 251 3942 337 4010; x_wconf 80' lang='lat' dir='ltr'>Quam</span> <span class='ocrx_word' id='word_1_261' title='bbox 360 3944 472 3998; x_wconf 82' lang='lat' dir='ltr'>insolita</span> <span class='ocrx_word' id='word_1_262' title='bbox 492 3946 528 3999; x_wconf 85' lang='lat' dir='ltr'>sit</span> <span class='ocrx_word' id='word_1_263' title='bbox 547 3945 616 3998; x_wconf 87' lang='lat' dir='ltr'>haec</span> <span class='ocrx_word' id='word_1_264' title='bbox 635 3943 727 4012; x_wconf 84' lang='lat' dir='ltr'>dictio,</span> <span class='ocrx_word' id='word_1_265' title='bbox 757 3945 858 4013; x_wconf 87' lang='lat' dir='ltr'>optime</span> <span class='ocrx_word' id='word_1_266' title='bbox 885 3944 1074 4014; x_wconf 74' lang='lat' dir='ltr'>perspicimur,</span> <span class='ocrx_word' id='word_1_267' title='bbox 1103 3944 1126 3998; x_wconf 91' lang='lat' dir='ltr'>si</span> <span class='ocrx_word' id='word_1_268' title='bbox 1144 3957 1234 3997; x_wconf 84' lang='lat' dir='ltr'>recor-</span> 
     </span>
     <span class='ocr_line' id='line_1_34' title="bbox 113 4019 1234 4103; baseline 0 -18"><span class='ocrx_word' id='word_1_269' title='bbox 113 4031 210 4085; x_wconf 83' lang='lat' dir='ltr'>demur</span> <span class='ocrx_word' id='word_1_270' title='bbox 234 4032 390 4087; x_wconf 90' lang='lat' dir='ltr'>Ciceronem</span> <span class='ocrx_word' id='word_1_271' title='bbox 420 4019 471 4102; x_wconf 88' lang='lat' dir='ltr'>pro</span> <span class='ocrx_word' id='word_1_272' title='bbox 500 4041 614 4103; x_wconf 81' lang='lat' dir='ltr'>„captus</span> <span class='ocrx_word' id='word_1_273' title='bbox 634 4034 733 4086; x_wconf 84' lang='lat' dir='ltr'>animi“</span> <span class='ocrx_word' id='word_1_274' title='bbox 762 4031 863 4088; x_wconf 87' lang='lat' dir='ltr'>dixisse</span> <span class='ocrx_word' id='word_1_275' title='bbox 885 4041 990 4102; x_wconf 87' lang='lat' dir='ltr'>„mente</span> <span class='ocrx_word' id='word_1_276' title='bbox 1009 4034 1134 4101; x_wconf 79' lang='lat' dir='ltr'>captus“,</span> <span class='ocrx_word' id='word_1_277' title='bbox 1163 4031 1234 4100; x_wconf 91' lang='lat' dir='ltr'>quod</span> 
     </span>
     <span class='ocr_line' id='line_1_35' title="bbox 112 4120 406 4178; baseline 0.007 -4"><span class='ocrx_word' id='word_1_278' title='bbox 112 4120 256 4178; x_wconf 80' lang='lat' dir='ltr'>adnotavit</span> <span class='ocrx_word' id='word_1_279' title='bbox 275 4123 406 4177; x_wconf 86' lang='lat' dir='ltr'>Heraeus.</span> 
     </span>
    </p>

    <p class='ocr_par' dir='ltr' id='par_1_7' title="bbox 112 4211 1235 4371">
     <span class='ocr_line' id='line_1_36' title="bbox 205 4211 1235 4281; baseline -0.002 -17"><span class='ocrx_word' id='word_1_280' title='bbox 205 4215 233 4280; x_wconf 83' lang='lat'>3)</span> <span class='ocrx_word' id='word_1_281' title='bbox 263 4211 349 4265; x_wconf 91' lang='lat' dir='ltr'>Orelli</span> <span class='ocrx_word' id='word_1_282' title='bbox 378 4219 524 4281; x_wconf 84' lang='lat' dir='ltr'>praetereo</span> <span class='ocrx_word' id='word_1_283' title='bbox 555 4212 664 4268; x_wconf 87' lang='lat' dir='ltr'>confert</span> <span class='ocrx_word' id='word_1_284' title='bbox 698 4212 1158 4278; x_wconf 81' lang='lat' dir='ltr'>adAnn.11146Liv.X115,3</span> <span class='ocrx_word' id='word_1_285' title='bbox 1188 4215 1235 4278; x_wconf 84' lang='lat' dir='ltr'>„ut</span> 
     </span>
     <span class='ocr_line' id='line_1_37' title="bbox 112 4294 1232 4371; baseline -0.002 -17"><span class='ocrx_word' id='word_1_286' title='bbox 112 4294 352 4370; x_wconf 70' lang='lat' dir='ltr'>vix&#39;competeret</span> <span class='ocrx_word' id='word_1_287' title='bbox 380 4303 512 4370; x_wconf 83' lang='lat' dir='ltr'>animus“‚</span> <span class='ocrx_word' id='word_1_288' title='bbox 534 4303 557 4356; x_wconf 93' lang='lat' dir='ltr'>V</span> <span class='ocrx_word' id='word_1_289' title='bbox 576 4306 647 4358; x_wconf 87' lang='grc'><strong>42.3</strong></span> <span class='ocrx_word' id='word_1_290' title='bbox 678 4318 728 4371; x_wconf 88' lang='lat' dir='ltr'>„ne</span> <span class='ocrx_word' id='word_1_291' title='bbox 756 4302 868 4356; x_wconf 86' lang='lat' dir='ltr'>auribus</span> <span class='ocrx_word' id='word_1_292' title='bbox 899 4299 1007 4369; x_wconf 88' lang='lat' dir='ltr'>quidem</span> <span class='ocrx_word' id='word_1_293' title='bbox 1035 4306 1118 4369; x_wconf 85' lang='lat' dir='ltr'>utque</span> <span class='ocrx_word' id='word_1_294' title='bbox 1147 4299 1232 4352; x_wconf 86' lang='lat' dir='ltr'>oculis</span> 
     </span>
    </p>
   </div>
   <div class='ocr_carea' id='block_1_6' title="bbox 70 4391 1021 4533">
    <p class='ocr_par' dir='ltr' id='par_1_8' title="bbox 70 4391 1021 4533">
     <span class='ocr_line' id='line_1_38' title="bbox 70 4391 500 4474; baseline 0.002 -29"><span class='ocrx_word' id='word_1_295' title='bbox 70 4463 74 4474; x_wconf 36' lang='grc' dir='ltr'>Ι</span> <span class='ocrx_word' id='word_1_296' title='bbox 112 4391 180 4448; x_wconf 86' lang='lat' dir='ltr'>satis</span> <span class='ocrx_word' id='word_1_297' title='bbox 196 4391 500 4460; x_wconf 35' lang='lat' dir='ltr'>&#39;constarexpoterantt</span> 
     </span>
     <span class='ocr_line' id='line_1_39' title="bbox 981 4483 1021 4533; baseline 0 -15"><span class='ocrx_word' id='word_1_298' title='bbox 981 4483 1021 4533; x_wconf 72' lang='lat'>2*</span> 
     </span>
    </p>
   </div>
   <div class='ocr_carea' id='block_1_7' title="bbox 0 0 1574 5178">
    <p class='ocr_par' dir='ltr' id='par_1_9' title="bbox 0 0 1574 5178">
     <span class='ocr_line' id='line_1_40' title="bbox 0 0 1574 5178; baseline 0 0"><span class='ocrx_word' id='word_1_299' title='bbox 0 0 1574 5178; x_wconf 95' lang='lat' dir='ltr'> </span> 
     </span>
    </p>
   </div>
  </div>
 </body>
</html>
