3138 5178
491 489 800 578 ¹-eo-

217 685 377 754 Pluribus
410 686 523 756 verbis
557 685 598 753 de
631 685 783 774 proximo
824 685 905 752 mihi
939 691 992 754 cst
1026 686 1257 754 disserendum

1 771 48 832 ⁸³
131 791 294 878 exemplo.
341 791 546 860 Continetur
570 813 640 884 cap3
666 793 707 858 28
730 791 829 859 tertii
850 791 930 858 iibri
964 795 1151 861 renovatae
1173 793 1255 860 Ore·

28 905 49 992 'j
130 917 249 964 monae
272 895 534 984 oppugnationis
558 897 719 976 narratio,
750 919 816 984 qua
840 920 967 966 summa
989 902 1178 986 pugnatum
1201 904 1255 968 est
1305 930 1309 936 ·

40 1005 70 1057 i.
132 1000 337 1068 acerbitate:
377 996 531 1090 „Integri
562 1025 637 1068 cum
672 1002 804 1084 sanctie,
840 991 1018 1070 semineces
1051 1026 1124 1084 cum
1147 1004 1256 1092 exspi-

2 1114 7 1129 '
45 1145 48 1151 ·
131 1107 287 1173 rantibus
317 1106 516 1188 uoluuntur,
552 1107 648 1174 varia
685 1107 898 1195 pereuntium
932 1108 1041 1175 forma
1075 1113 1110 1185 et
1144 1110 1258 1176 omni

21 1195 49 1258 ’ἱ
131 1211 329 1299 imagine
352 1212 586 1278 mortium“.
627 1211 721 1294 Quae
737 1235 810 1293 cum
835 1213 1007 1296 scriberet,
1032 1214 1152 1282 Tacito
1176 1218 1257 1282 ante

43 1324 47 1338 ”
135 1317 247 1384 oculos
270 1321 443 1385 versatum
465 1341 538 1385 esse
555 1314 689 1406 Vergili
704 1319 789 1385 Aen.
806 1319 924 1386 11369
951 1320 1114 1406 „plurima
1136 1321 1254 1388 mortis

38 1433 48 1471 i
131 1421 261 1508 imago“
298 1421 334 1488 in
364 1423 431 1489 fine
467 1422 657 1490 hexametri
690 1423 846 1509 positum
872 1423 1079 1492 crediderim.
1137 1424 1254 1512 Neque

44 1539 48 1576 :
131 1549 211 1594 vero
236 1528 356 1594 omitto
381 1550 455 1594 oum
477 1527 610 1594 Heraco
643 1529 678 1593 in
712 1529 907 1596 memoriam
939 1552 1100 1596 revocare
1123 1529 1255 1616 Thucy·

129 1630 521 1722 dideum(11181)iilud
547 1633 670 1696 “udoni
694 1648 733 1696 ’τε
757 1634 850 1696 ἰδέα
873 1635 1043 1718 κατέστη
1072 1635 1255 1710 θανάτου,

132 1737 181 1800 καὶ
201 1737 264 1800 οἷον
289 1741 369 1822 φιλεῖ
388 1739 418 1801 ἐν
441 1748 484 1824 τῷ
506 1739 631 1824 τοιούτῳ
647 1739 812 1821 γίγνεσθαι,
836 1739 921 1802 οὐδὲν
945 1742 988 1804 ὅτι
1013 1741 1046 1804 οὐ
1072 1741 1180 1826 συνέβη
1205 1739 1256 1804 καὶ

133 1843 175 1906 ἔτι
198 1843 382 1928 περαιτέρω“
397 1843 430 1928 1).
466 1843 587 1909 Nonne
610 1843 732 1909 ultima
755 1843 869 1910 Taciti
890 1846 996 1913 verba
1019 1868 1060 1915 ex
1082 1845 1141 1912 illo
1157 1845 1253 1910 ‘Thu-

132 1947 261 2014 cidideo
278 1970 377 2016 versa
393 1970 465 2014 esse
480 1947 667 2028 videntur?
701 1947 791 2030 Quin
814 1949 916 2016 etiam
940 1953 1077 2042 auctore
1094 1949 1255 2017 Reitzen-

1 2049 47 2108 Ἴ
135 2051 258 2120 steinio
292 2053 385 2119 ultra
424 2075 604 2142 progressa
638 2055 791 2142 proxima
825 2054 1020 2159 exscribam¹
1044 2053 1252 2140 Thucydidis
1301 2091 1302 2099 ν

42 2154 45 2213 i
133 2162 257 2226 verba:
293 2157 481 2243 πΚαὶγοὶρ
505 2158 630 2244 πατὴρ
654 2163 776 2223 παῖδα
800 2159 1168 2224 ἀπέκτεινεκαὶάπὸ
1192 2167 1251 2224 τῶν

41 2281 43 2284 “
137 2267 224 2349 ἱερῶν
254 2265 430 2328 ἀπεσπῶντο
460 2263 508 2328 καὶ
539 2263 610 2349 πρὸς
644 2265 742 2336 αὐτοῖς
774 2267 938 2332 ἐκτείνοντο
964 2267 1042 2331 ...“
1090 2250 1273 2338 Similitet’,

24 2368 27 2378 '
137 2372 257 2436 narrat
279 2390 350 2456 cap.
374 2370 417 2434 25
440 2369 598 2436 Tacitus:
636 2369 703 2451 „Eo
727 2370 913 2438 notabilior
934 2371 1052 2438 caedes
1075 2371 1154 2450 fuit,
1177 2373 1257 2458 quia

1 2491 47 2551 :31
131 2473 462 2561 filiuspetreni
493 2474 847 2542 interfecit...“
897 2475 1056 2544 Ceterum
1078 2479 1155 2543 tota
1177 2500 1256 2544 nar-

19 2579 38 2594 ''
130 2580 265 2646 ratione
288 2579 479 2664 Vergilium
502 2580 648 2647 fortasse
670 2580 792 2668 respici
814 2584 934 2670 p'ostca
956 2581 1110 2648 referam.
1181 2627 1184 2640 .

184 2675 185 2684 ¹
218 2685 391 2752 Eiusmodi
407 2686 586 2753 sententiis
603 2685 702 2752 finem
719 2687 931 2754 orationibus
947 2687 1117 2754 interdum
1130 2687 1257 2774 imponi

2 2796 15 2809 ''
40 2813 46 2851 ε
132 2791 327 2876 iam‘supra
350 2790 393 2878 (p.
410 2791 465 2874 23)
490 2789 587 2858 docui
612 2785 676 2858 uno
700 2792 836 2880 quidem
860 2793 1022 2881 exemplo,
1046 2793 1100 2859 coi
1121 2792 1176 2859 hic
1197 2815 1256 2860 no-

14 2903 46 2959 '·;
133 2919 213 2961 vum
236 2895 357 2967 addam
367 2895 402 2980 2).
461 2896 551 2962 Hist.
576 2896 752 2962 11124111
775 2901 928 2965 extrema
950 2897 1081 2964 Antoni
1104 2898 1258 2965 oratione

44 3025 47 3063 1
131 3001 215 3067 haec
240 3001 369 3087 scripta
392 3000 561 3069 videmos:
596 3001 693 3085 „Illic
726 3003 824 3090 signa
847 3025 1007 3092 armaque
1029 3013 1144 3071 vestra
1167 3007 1255 3088 sunt,

133 3110 169 3173 et
192 3129 280 3172 mors
305 3106 420 3174 victis:
454 3129 531 3172 nam
561 3107 849 3195 ignominiam
872 3108 1254 3196 consumpsistis“.

135 3210 340 3293 Quibuscum
364 3215 445 3278 sunt
467 3212 690 3300 comparanda
713 3212 773 3280 Sil.
797 3213 876 3279 Ital.
900 3214 953 3280 XI
977 3215 1019 3279 34

174 3317 273 3382 luxus
296 3320 332 3383 et
355 3317 481 3384 insanis
504 3317 638 3384 nutrita
660 3317 799 3405 ignavia
823 3319 942 3385 lustris

177 3424 556 3510 consumptusque
578 3421 721 3510 pudor
758 3422 925 3511 peccando
948 3423 1090 3512 unisque
1114 3422 1255 3491 relictus

176 3525 306 3593 divitiis
327 3529 509 3614 probrosus
532 3525 639 3594 honor
647 3527 682 3612 ³).

225 3739 251 3806 1)
271 3738 313 3793 Of.
333 3738 417 3793 Thuc.
437 3739 542 3803 V1129
562 3740 677 3794 antidio
697 3747 764 3793 πᾶσα
783 3739 935 3812 καθεστήκει
954 3740 1067 3812 ὀλέθρου.

223 3830 251 3896 2)
271 3828 311 3882 cf.
331 3827 457 3895 Norden,
484 3829 586 3884 Antike
597 3829 788 3897 'Kunstnrosm
807 3847 833 3898 p.
852 3834 905 3884 330
924 3829 985 3884 adn.
1006 3835 1018 3883 1
1046 3829 1082 3884 ad
1100 3831 1171 3885 Anu.
1191 3831 1256 3886 XIV

133 3920 167 3970 43
178 3927 254 3984 squ:
276 3916 344 3987 „Die
355 3915 431 3972 Rede
445 3917 561 3973 schliesst
574 3917 872 3974 bezeichncnderweise
887 3920 935 3972 mit
950 3919 1025 3973 einer
1038 3921 1144 3991 γνώμη“
1160 3921 1256 3988 (habet

133 4004 237 4073 aliquid
258 4022 291 4061 ex
310 4007 404 4074 iniquo
423 4023 501 4061 omne
520 4024 645 4076 magnum
664 4008 824 4078 exemplum,
855 4007 929 4076 quod
948 4014 1044 4063 contra
1063 4009 1185 4078 cingulos
1204 4010 1256 4064 uti-

132 4089 213 4150 litate
232 4096 343 4164 publica
362 4096 542 4166 rependitur).

226 4189 254 4254 3)
274 4185 352 4253 Quod
373 4202 387 4241 e
407 4186 473 4241 Silio
492 4187 597 4254 Italico,
618 4187 724 4240 Lucani
743 4187 860 4256 aequali,
880 4195 993 4242 auctore
1012 4188 1184 4256 Punicorum,
1204 4191 1255 4245 hoc

133 4275 215 4329 attuli
234 4276 395 4344 exemplum,
414 4277 509 4344 paucis
529 4275 682 4344 defendam,
702 4293 762 4330 oum
780 4277 900 4332 referam
919 4277 1064 4333 nonnullos
1082 4278 1165 4344 locos,
1184 4295 1253 4348 quos

133 4365 187 4419 iem
207 4363 354 4420 Furneaux
373 4380 434 4422 cum
453 4365 549 4420 Tacito
569 4367 745 4435 comparavit,
764 4371 795 4421 ut
814 4367 861 4422 Sit.
881 4367 933 4422 VII
951 4369 1003 4422 582
