3138 5178
589 519 801 583 ..73-

138 691 257 769 lerant,
293 713 332 758 ac
363 692 461 758 modo
492 691 652 759 silvarum
682 714 721 760 ac
743 693 906 761 montium
935 693 1119 782 profunda,
1155 694 1253 760 modo

138 799 370 884 tempestatum
394 818 433 864 ae
454 797 616 864 fluctuum
638 797 798 880 adversa,
833 797 912 864 hinc
940 801 1035 864 terra
1067 807 1102 865 et
1132 798 1250 878 hostie,

136 901 205 967 hinc
227 901 338 968 victus
363 901 514 969 Oceanus
536 902 678 968 militari
700 902 917 969 iactantia
939 907 1250 991 compararentur“,

137 1003 327 1073 Simiilimac
357 1007 513 1094 profecto
546 1011 627 1073 sunt
658 1007 891 1074 narrationes:
926 1008 1089 1074 nonnulla
1120 1029 1252 1097 quoque

135 1111 232 1176 verba
248 1110 494 1199 aliquantulum
519 1112 709 1178 consentire
731 1111 835 1179 vides.
870 1111 959 1193 Quin
982 1113 1085 1179 etiam
1107 1113 1252 1180 concedo

135 1215 204 1282 fieri
224 1237 332 1305 posse,
357 1218 397 1282 ut
411 1215 531 1282 Tacito
546 1215 601 1282 hic
612 1215 742 1282 Lucani
756 1216 848 1282 loeus
870 1219 951 1283 ante
974 1218 1086 1284 oculos
1110 1219 1157 1284 sit
1178 1240 1252 1284 ver-

136 1321 234 1404 satus,
258 1342 332 1386 cum
355 1321 519 1388 scriberet
540 1320 602 1387 hoc
625 1321 807 1408 Agricolae
831 1324 943 1408 caput.
982 1321 1139 1389 Ceterum
1162 1322 1252 1390 tales

132 1424 339 1492 narrationes
361 1424 444 1492 alibi
466 1447 597 1513 quoque
619 1426 839 1494 inveniuntur
847 1426 881 1511 ¹).

215 1529 265 1596 Ut
289 1552 412 1613 omnes,
436 1531 494 1617 qui
516 1530 670 1619 quamvis
692 1552 843 1618 parvam,
868 1535 1047 1618 praestare
1069 1535 1184 1598 tamen
1208 1533 1256 1600 si-'

132 1633 353 1702 militudinem
369 1635 563 1717 videantur3
579 1636 719 1702 afferam
735 1636 836 1717 locos,
861 1635 948 1702 hunc
964 1657 1095 1724 quoque
1112 1659 1251 1704 comme-

134 1741 279 1820 morabo,
303 1762 402 1827 quem
418 1740 564 1807 contulit
577 1739 766 1822 Fumcaux‚
790 1741 925 1808 etiamsi
940 1763 1014 1808 mea
1027 1741 1160 1829 quidem
1182 1764 1254 1808 sen-

130 1843 239 1912 tentia
256 1844 302 1911 sit
317 1845 487 1911 incertior.
520 1844 650 1912 Narrat
662 1846 800 1912 Tacitus
824 1844 926 1928 (Anu.
943 1847 1048 1932 1175)
1072 1846 1113 1914 de
1125 1847 1252 1936 Agrip·

131 1950 218 2035 pina,
243 1947 438 2016 Germanici
461 1971 583 2029 uxore,
608 1970 712 2036 quae,
736 1971 809 2016 cum
834 1949 1053 2018 Germanicus
1077 1973 1097 2019 a
1119 1951 1251 2034 Pisone,

129 2057 169 2118 ut
190 2053 394 2120 credebatur
426 2054 628 2121 interfectus
659 2058 749 2120 esset
784 2055 932 2138 „incerta
954 2055 1113 2138 ultionis,
1151 2057 1253 2122 anxia

129 2158 184 2224 sui
199 2161 236 2225 et
250 2157 379 2225 infelici
395 2158 605 2225 fecunditate
624 2158 833 2226 fortunae
852 2160 1022 2226 totiens
1042 2161 1249 2250 obnoxia“

128 2267 215 2330 erat.
269 2263 353 2330 Cum
375 2263 474 2330 huius
498 2263 687 2331 sentcntiae
710 2266 804 2330 exitu
826 2265 959 2331 confert
981 2265 1161 2332 Furneaux
1184 2265 1252 2332 Lu'·

126 2367 205 2434 cani
227 2369 333 2434 verba
357 2369 440 2454 (VH
456 2369 533 2453 661)
556 2367 715 2454 Pompeio
740 2369 830 2434 victo
854 2369 1041 2437 attributa:

171 2499 201 2564 si
222 2499 325 2586 plura
347 2499 467 2566 iuvant
489 2521 563 2566 mea
586 2500 736 2582 volnera,
760 2501 904 2567 coniunx

172 2605 226 2668 est
249 2602 347 2684 mihi,
373 2607 454 2670 sunt
476 2603 565 2688 nati;
599 2604 795 2671 dedimus
819 2608 888 2671 tot
910 2605 1100 2692 pignora
1123 2605 1250 2689 fatis,

119 2756 193 2822 quo
216 2739 332 2802 tamen
355 2735 506 2822 exemplo
529 2735 612 2805 mihi
634 2757 700 2802 non
724 2737 807 2803 satis
831 2737 1009 2823 persuasit.

217 2837 366 2906 Tandem
389 2841 432 2906 ad
455 2863 572 2906 versus
595 2841 723 2908 Lucani
745 2842 779 2906 X
794 2842 859 2906 425
870 2865 939 2928 sqq.

172 2969 232 3036 sed
254 2974 412 3037 metuunt
435 2970 516 3038 belli
540 2971 692 3058 trepidos
715 2972 750 3036 in
772 2976 871 3038 nocte
894 2973 1071 3052 tumultus,

170 3097 215 3142 ne
237 3076 355 3142 caedes
378 3077 518 3143 confusa
540 3098 640 3142 manu
662 3077 967 3164 permissaque
990 3078 1106 3143 fatis

170 3187 217 3262 te,
243 3180 446 3264 Ptolemaee‚
470 3181 589 3247 trahat

215 3311 367 3379 Haskins
405 3313 538 3382 confert
562 3313 674 3380 Taciti
695 3310 785 3378 Ann.
801 3313 851 3378 VI
867 3313 909 3377 46
945 3314 1113 3398 „incertus
1137 3313 1250 3396 animi,

115 3417 220 3483 fesso
236 3440 385 3505 corpore,
403 3418 588 3500 consilium,
605 3419 659 3484 cui
673 3419 783 3504 impar
798 3422 884 3501 erat,
900 3419 919 3482 f
924 3421 998 3484 ato
1012 3442 1035 3506 p
1047 3418 1172 3485 ermis
1183 3419 1237 3484 ir<
1244 3469 1251 3500 ‚

116 3522 185 3588 ubi
209 3525 302 3589 certe
331 3523 443 3605 „fato“
477 3544 583 3609 paene
606 3522 732 3588 dicitur
763 3545 824 3609 pro
861 3524 991 3607 „casui“
1005 3523 1040 3608 ²).
1091 3523 1252 3590 Fortasse

221 3735 246 3796 1)
266 3734 379 3787 Silentio
398 3740 542 3802 praetereo
563 3735 688 3801 alterum,
708 3749 787 3802 quem
807 3733 887 3788 affert
907 3733 1056 3800 Gudemam
1075 3734 1172 3798 locum,
1192 3749 1253 3786 cum

110 3821 255 3876 conferat
275 3823 340 3875 Luc.
361 3821 415 3876 VH
429 3825 550 3900 282'sqq.
571 3839 631 3898 cum
658 3823 748 3877 verbis
770 3823 880 3890 Calgaci
899 3825 976 3891 (Agr.
998 3824 1043 3891 32)
1071 3822 1151 3891 „licet
1170 3821 1252 3876 domi-

111 3911 235 3964 nationi
254 3911 360 3966 alienae
380 3913 458 3978 etc.“,
479 3911 551 3979 quod
570 3919 685 3978 uterque
704 3912 762 3966 sine
782 3917 894 3965 auctore
911 3911 1001 3964 dicere
1020 3914 1111 3980 potuit
1130 3918 1157 3964 et
1176 3910 1253 3966 deest

110 4016 228 4069 magna
246 3999 402 4054 similitudo.

218 4093 247 4158 2)
267 4089 370 4144 Similia
390 4091 473 4143 verba
492 4091 605 4158 legimus
626 4091 731 4157 scripta
750 4091 814 4143 Luc.
830 4090 942 4143 VII331
957 4106 1016 4158 sqq.

706 4197 819 4266 capiunt
837 4197 983 4264 praesagia
1002 4197 1067 4250 belli

255 4286 422 4353 calcatisque
441 4291 525 4339 ruunt
544 4287 651 4352 castris,
671 4293 747 4341 stant
767 4285 862 4339 ordine
882 4287 965 4353 nullo,

256 4381 315 4429 arte
334 4374 410 4428 ducis
429 4376 505 4429 nulla
525 4376 820 4443 permittuntque
839 4376 958 4429 omnia
978 4374 1085 4443 fatis,
1130 4427 1131 4434 ,
