3138 5178
800 515 1017 588 ..34...

348 689 440 764 tavit
458 690 684 785 maioremque
699 695 925 785 exemplorum
941 697 1069 785 copiam
1085 695 1245 782 colligere
1267 689 1422 762 instituit
1440 691 1475 759 in

350 824 390 868 ea
405 823 504 891 quam
520 825 625 889 supra
640 803 683 891 (p.
694 803 714 868 6
727 802 802 872 adn.
816 802 849 890 2)
864 801 932 869 iam
947 801 1204 870 commemoravi
1220 801 1473 879 dissertatione,

352 905 495 975 Carolus
528 907 666 990 Goebel,
700 909 759 996 qui
793 908 835 973 ad
871 907 1053 994 singularis
1088 911 1123 974 et
1157 906 1327 973 inauditas
1359 906 1475 973 Taciti

352 1034 460 1096 voces,
496 1035 577 1101 quas
612 1012 746 1101 quidem
778 1035 871 1080 more
902 1016 1079 1101 poetarum
1111 1011 1247 1079 finxisse
1281 1011 1470 1091 videretur,

352 1117 567 1205 explicandas
590 1118 713 1186 attulit
735 1119 906 1186 interdum
921 1119 1049 1186 Lucani
1071 1119 1186 1186 verba.
1234 1117 1336 1185 Cuius
1360 1120 1475 1183 tamen

342 1223 393 1290 -de
417 1245 499 1290 cura
526 1225 574 1291 sic
605 1224 770 1293 iudicavit
791 1225 967 1293 Woelfflin
977 1225 1018 1307 1);
1055 1222 1283 1313 ,Sohlagende
1306 1223 1474 1290 Reminis

352 1349 486 1412 zenzen,
503 1330 637 1398 wie·bei
652 1329 786 1416 Vergil,
809 1330 921 1397 finden
938 1330 1000 1396 wir
1015 1333 1117 1396 unter
1132 1328 1197 1396 den
1214 1328 1474 1414 beigebrachten
1523 1365 1524 1368 =

355 1432 486 1499 Stellen
517 1433 622 1517 nicht,
655 1457 692 1501 so
726 1435 790 1501 dass
814 1458 849 1503 es
872 1458 934 1500 zur
957 1434 1034 1501 Zeit
1056 1434 1140 1501 noch
1163 1433 1310 1520 fraglioh
1340 1433 1395 1516 ist,
1435 1434 1474 1497 ob

352 1536 491 1606 Tacitus
514 1538 579 1606 den
601 1538 722 1606 Lukan
745 1539 816 1608 viel
837 1540 974 1628 gelesen
1004 1539 1074 1606 und
1106 1539 1197 1606 seine
1219 1538 1364 1604 Diktion
1386 1537 1474 1604 nach

350 1640 419 1708 ihm
441 1642 592 1728 gebildet
615 1644 710 1711 habe.
749 1644 847 1712 Auch
870 1645 930 1711 das
954 1645 1075 1711 aussere
1099 1643 1244 1728 Zeugnis
1268 1642 1403 1730 Dialog.
1430 1643 1473 1706 20

352 1748 399 1814 ist
428 1746 524 1816 nicht
555 1749 793 1837 massgebend“.
838 1748 890 1816 De
913 1748 1052 1836 Dialogi
1084 1748 1157 1814 loeo
1189 1748 1293 1814 aliter
1314 1770 1366 1814 me
1388 1748 1474 1813 iudi·

354 1875 431 1920 care
467 1875 570 1941 supra
604 1855 753 1944 exposui,
786 1856 863 1943 ipsa
884 1854 1075 1922 Woelfflini
1107 1855 1276 1922 sententia
1307 1876 1366 1919 cur
1389 1854 1473 1918 mihi

350 1956 529 2046 displiceat
563 1959 657 2028 inira
687 1961 932 2028 demonstrabo.
979 1961 1029 2026 De
1063 1959 1146 2026 locis
1171 1981 1191 2024 a
1215 1958 1376 2025 (loebelio
1406 1958 1473 2026 col-

352 2062 450 2130 lectis
473 2064 621 2153 iniquius
645 2069 739 2133 certe
771 2067 944 2145 iudicavit,
978 2088 1119 2153 quorum
1147 2087 1232 2130 unus
1256 2068 1380 2141 certus,
1415 2065 1474 2130 alii
1524 2099 1525 2154 3

349 2168 541 2254 probabiles
556 2169 725 2253 videntur,
748 2169 927 2237 nonnullos
950 2170 1024 2257 ipsa
1046 2170 1182 2237 reiciam
1206 2170 1336 2237 omissis
1360 2173 1475 2236 tamen
1524 2201 1525 2236 π

350 2295 432 2359 quos
455 2272 545 2340 haud
566 2278 660 2343 recte
683 2275 807 2343 allatos
831 2276 941 2364 quivis
963 2275 1070 2363 primo
1094 2277 1234 2361 aspectu
1256 2275 1360 2342 videt.
1408 2275 1474 2340 Est

353 2381 468 2445 autem
499 2379 575 2463 iste,
608 2403 705 2469 quem
737 2385 866 2448 certum
900 2403 972 2448 esse
1006 2402 1132 2462 censeo,
1165 2379 1258 2446 locus
1288 2380 1377 2446 idem
1405 2379 1473 2460 ille,

353 2505 450 2570 quem
472 2488 593 2571 postea
622 2484 834 2573 comparavit
856 2469 1038 2552 Furneaux
1062 2506 1224 2573 quemque
1242 2484 1339 2550 infra
1360 2485 1473 2571 copio-

356 2588 425 2654 sius
458 2587 629 2671 disseram,
664 2591 776 2657 Taciti
809 2591 881 2656 dico
913 2590 1083 2656 annalium
1105 2589 1122 2653 Ι
1146 2590 1197 2672 65,
1231 2589 1288 2676 qui
1317 2588 1410 2655 locus
1437 2589 1476 2654 de

354 2691 517 2760 Caecinae
554 2695 647 2779 ,dira
680 2697 814 2783 quieta‘
853 2698 1005 2782 sumptus
1040 2698 1093 2763 est
1128 2716 1146 2760 e
1177 2694 1305 2760 Lucani
1329 2694 1397 2760 Vll
1423 2694 1473 2759 26.

354 2796 512 2866 Alterum
534 2822 675 2888 quoque,-
707 2823 805 2888 quem
836 2801 968 2889 profert
991 2800 1100 2866 locum
1124 2798 1261 2881 Goebel,
1294 2798 1407 2866 Germ.
1436 2800 1476 2865 14

305 2935 307 2940 ·
354 2901 427 2968 dico
452 2907 488 2970 et
502 2902 588 2991 Agr.
605 2906 656 2988 31,
680 2907 739 2972 ubi
760 2905 898 2973 videtur
916 2905 1054 2972 Tacitus
1077 2905 1214 2971 Lucano
1237 2909 1377 2972 auctore
1400 2927 1475 2969 ver-

353 3009 431 3074 bum
454 3010 533 3076 anni
555 3010 705 3098 posuisse
720 3034 784 3099 pro
803 3010 968 3094 ,messis“,
993 3013 1112 3097 postea
1134 3011 1299 3076 tractabo.
1340 3007 1474 3090 Cetera,

232 3125 237 3138 ·
352 3117 392 3180 ut
423 3114 503 3194 dixi,
538 3114 692 3204 exempla
722 3115 812 3182 haud
842 3114 949 3183 habeo
980 3137 1041 3203 pro
1074 3114 1186 3180 certis.
1240 3113 1331 3179 Hist.
1356 3113 1408 3180 IV
1433 3114 1475 3178 72
1525 3149 1526 3202 l

356 3217 517 3302 ,Cerialis
539 3228 632 3288 metu
661 3221 828 3304 infamiae,
863 3221 892 3288 si
922 3219 1061 3286 lieentia
1093 3217 1302 3306 saevitiaque
1325 3219 1475 3284 imbuere
1525 3205 1526 3228 ¹

351 3323 494 3392 militem
526 3326 731 3409 crederetur,
764 3321 892 3414 pressit
918 3325 1008 3392 iras“
1035 3322 1124 3389 haud
1146 3322 1306 3390 dissimile
1331 3327 1385 3390 est
1408 3323 1474 3388 Lu·

353 3430 487 3497 canili
510 3434 575 3499 521
603 3433 747 3520 „premit
777 3432 837 3498 ille
868 3432 983 3519 gravis
1005 3431 1104 3497 iras“.
1148 3429 1342 3517 Utrobique
1365 3429 1475 3516 igitur

355 3534 496 3622 simplex
520 3539 662 3605 verbum
695 3537 867 3626 premendi
900 3537 1048 3624 positum
1080 3542 1133 3602 est
1166 3557 1227 3622 pro
1261 3534 1414 3600 solitiore
1441 3537 1475 3600 et

355 3639 487 3708 solutae
511 3643 657 3709 orationi
681 3643 813 3730 aptiore
840 3640 1133 3729 ,supprimendi2).
1180 3640 1258 3706 Tac.
1282 3639 1373 3706 Hist.
1398 3639 1431 3706 V
1458 3641 1475 3704 6

358 3767 539 3776 m...-

445 3830 471 3899 1)
491 3830 588 3885 Philol.
608 3834 651 3898 25,
664 3836 722 3886 128.
829 3843 831 3848 ’

396 3970 398 3975 .
445 3925 473 3996 2)
494 3923 604 3978 Initium
623 3939 731 3990 quoque
750 3921 849 3990 capitis
864 3921 970 3975 Tacitei
989 3920 1124 3990 poeticum
1144 3917 1277 3986 quendam
1297 3915 1476 3984 praesefert

356 4016 482 4070 colorem.
520 4013 563 4068 Ad
582 4013 666 4067 verba
687 4010 781 4082 „avido
801 4011 886 4066 milite
906 4009 1042 4064 eruendae
1061 4008 1196 4062 civitatis“
1217 4008 1340 4062 Heraeus
1359 4005 1476 4061 adnotat

356 4103 525 4176 „eruendae“
546 4102 648 4157 dictum
667 4117 727 4156 csse
746 4117 805 4169 pro.
818 4100 1023 4170 ,evertendae“,
1042 4104 1073 4152 ut
1091 4098 1174 4166 Verg.
1193 4099 1261 4150 Aen.
1280 4096 1307 4149 ΙΙ
1326 4097 1343 4148 4

583 4193 718 4248 Troianas
737 4199 768 4246 ut
787 4207 852 4261 opes
872 4196 900 4244 et
917 4188 1092 4245 lamentabile
1111 4203 1224 4256 reguum

584 4284 706 4339 eruerint
721 4283 811 4337 Danai

409 4375 452 4431 vel
470 4373 560 4429 11611
580 4381 721 4442 totamque
741 4389 757 4425 a
776 4371 886 4427 sedibus
905 4371 999 4425 urbem
1018 4371 1098 4436 eruit,
