3138 5178
799 477 995 542 ..6-

426 649 482 717 Sic
503 649 583 716 inde
605 672 627 716 a
648 650 766 734 livio,
798 655 940 718 auctore
968 656 1152 741 argenteae
1181 674 1281 740 qnam
1303 675 1473 722 vocamus

331 754 549 839 latinitatis,
578 755 804 823 imitationem
825 761 1004 844 poetarum
1026 757 1084 824 vel
1105 755 1196 846 apud
1209 764 1331 825 'rernm
1353 759 1469 844 serip-

333 865 430 932 tores
460 860 662 928 invenimus.
707 862 780 928 Nec
802 861 960 928 Tacitum
990 861 1173 930 abhorrere
1195 885 1218 930 a
1238 885 1333 932 more
1355 865 1469 952 scrip·

333 969 449 1034 torum
463 965 655 1051 aequalium
669 989 738 1033 non
753 965 850 1034 modo
865 989 907 1034 ex
923 967 984 1034 illo
999 967 1197 1036 testimonio
1214 967 1321 1057 ipsius
1343 970 1466 1036 verbis

334 1091 439 1158 supra
459 1067 505 1157 (p.
528 1071 564 1156 2)
586 1069 704 1152 allato,
731 1071 791 1138 sed
813 1070 882 1137 iam
903 1071 963 1138 diu
985 1093 1027 1138 ex
1048 1069 1232 1138 innumeris
1255 1073 1418 1161 exemplis
1442 1095 1468 1140 a

335 1176 422 1246 viris
443 1175 554 1243 doctis
569 1174 706 1243 collatis
721 1179 877 1264 apparet
924 1175 1050 1264 Itaque
1064 1177 1136 1244 eins
1160 1199 1267 1264 genus
1291 1178 1465 1246 scribendi

334 1280 489 1368 proxime
500 1279 632 1348 accedit
644 1279 690 1347 ad
699 1280 920 1369 componendi
930 1282 1098 1349 rationem
1109 1281 1419 1348 Alexandrinorum
1427 1283 1464 1368 ¹).

336 1385 559 1454 Verissimum
581 1386 692 1474 igitur
714 1390 819 1475 atque
837 1387 1050 1477 aptissimum
1072 1387 1117 1454 aul
1140 1387 1381 1456 illustrandam
1396 1387 1464 1454 Ta-

333 1491 445 1560 citeae
467 1491 627 1560 dictioms
650 1513 810 1559 summam
833 1515 873 1560 ac
901 1493 1090 1582 perfectam
1121 1503 1231 1560 artem
1261 1493 1389 1582 primns
1412 1495 1465 1560 in-

335 1599 433 1666 venit
454 1597 525 1666 Leo
547 1597 583 1664 in
606 1619 647 1666 ea
668 1620 768 1687 quam
799 1622 902 1688 supra
931 1601 976 1688 (p.
999 1601 1031 1680 2,
1055 1599 1131 1666 adn.
1156 1599 1201 1684 1)‘
1221 1601 1290 1667 iam
1321 1622 1464 1667 comme·

335 1703 470 1770 moravi
491 1703 655 1784 oratione,
680 1725 755 1771 cnm
777 1703 909 1772 diceret
925 1709 1062 1793 poetam
1076 1703 1183 1772 fuisse
1199 1703 1355 1772 Tacitum
1370 1704 1463 1792 apud

335 1809 508 1876 Romanos
530 1811 572 1876 ut
593 1809 774 1877 Platonem
803 1809 894 1898 apud
917 1809 1076 1878 Graecos.
1121 1809 1241 1898 Neque
1266 1810 1464 1878 continetur

336 1913 472 2002 poetica
498 1913 570 1981 eius
596 1913 728 1981 indoles
757 1935 799 1982 ea
823 1918 960 1982 tantm
986 1937 1034 1990 re,
1067 1914 1157 2002 quod
1179 1913 1313 1982 artibus
1335 1913 1463 2002 tragici

336 2018 410 2085 fere
431 2022 554 2106 poetae
575 2017 738 2107 plurimas
759 2041 863 2086 curae
884 2023 1002 2108 partes
1017 2020 1206 2108 composuit
1236 2027 1341 2107 atque
1363 2041 1462 2087 exor-

336 2123 445 2204 navit,
480 2122 541 2192 sed
570 2123 713 2192 maxime
736 2145 785 2207 eo,
808 2124 900 2213 quod
929 2124 999 2192 suis
1022 2123 1129 2213 ipsius
1151 2124 1318 2192 coloribus
1341 2123 1461 2210 tingit,

337 2251 400 2297 sna
422 2229 707 2298 excellentissima
721 2232 798 2297 arte
812 2230 913 2318 fingit
936 2230 1057 2312 omnia,
1079 2213 1296 2317 ut'quamvis
1319 2231 1362 2296 ab
1383 2228 1462 2294 aliis

338 2339 474 2422 sumpta
495 2339 610 2402 tamen
633 2335 704 2402 sint
719 2335 792 2402 eius
806 2335 956 2424 proprie.
992 2334 1110 2423 Neque
1125 2338 1239 2402 mmen
1251 2358 1270 2401 e
1281 2338 1461 2423 poetarum

337 2443 474 2508 tantum
489 2461 644 2508 sermone
659 2439 761 2528 capit,
777 2439 867 2528 quod
881 2439 1048 2522 imitetur,
1072 2439 1229 2506 Tacitus:
1244 2439 1338 2505 inter
1352 2461 1462 2506 exem·

336 2545 449 2633 pluria
479 2565 542 2611 sua
570 2544 675 2612 habet
699 2543 904 2612 Sallustium
934 2566 1066 2632 quoque
1097 2548 1134 2610 et
1163 2543 1314 2624 Livium,
1348 2563 1461 2610 rernm

338 2649 534 2738 scriptores.
579 2649 634 2714 Ex
655 2649 808 2717 omnibus
831 2649 957 2737 igitur,
988 2671 1070 2736 qnos
1097 2649 1290 2716 aemulatur
1312 2646 1461 2730 Tacitus,

339 2755 537 2822 auctoribus
562 2754 651 2842 elegi
672 2758 755 2836 tres,
778 2752 972 2840 Vergilium
994 2753 1069 2820 dico
1092 2752 1293 2820 Sallustium
1314 2751 1458 2834 Livium,

339 2863 381 2926 nt
405 2859 542 2927 doceam
575 2859 736 2948 exemplis
770 2858 873 2926 certis
888 2860 933 2938 ¹et
962 2858 1030 2942 iam
1058 2857 1118 2926 din
1146 2857 1229 2924 viris
1252 2857 1361 2924 doctis
1383 2879 1460 2944 pro·

340 2965 441 3047 batis,
464 2985 532 3052 qua
552 2965 686 3032 ratione
701 2963 841 3031 Tacitus
856 2962 950 3030 dicta
971 2965 1014 3030 ab
1036 2962 1114 3030 alus
1136 2963 1270 3030 tradita
1292 2985 1352 3029 suo
1368 2961 1461 3050 operi

339 3069 564 3153 inseruerit2).

343 3287 347 3296 ·
434 3271 460 3338 1)
480 3266 523 3324 of.
535 3267 737 3336 'Reitzensteiu
763 3267 781 3322 l.
800 3267 819 3322 l.
837 3283 864 3336 p.
883 3269 937 3322 210
955 3265 1018 3321 adn.
1037 3270 1066 3322 3:
1096 3265 1174 3334 ,Wir
1193 3266 1293 3320 dirfen
1311 3265 1386 3318 nicht
1404 3280 1461 3317 ver-

341 3374 448 3428 gessen,
475 3358 530 3412 dass
553 3359 603 3412 nir
626 3373 656 3412 es
682 3357 732 3410 mit
758 3357 836 3411 einer
854 3362 907 3411 Art
925 3355 1183 3410 alexandrinischen
1202 3353 1343 3410 Schuffens
1362 3370 1396 3407 zu
1412 3360 1459 3406 tun

342 3450 441 3517 haben,
460 3447 570 3502 sreilich
589 3447 639 3500 mit
656 3446 718 3501 dem
736 3446 941 3516 grossartigsteu
961 3445 1081 3514 Beispiel
1100 3445 1175 3500 eines
1194 3444 1331 3499 colchen“·

433 3539 461 3606 2)
480 3538 522 3591 De
541 3552 596 3604 qna
613 3551 645 3590 re
663 3537 792 3604 quoniam
810 3536 889 3590 multi
917 3536 1096 3604 scripserunt,
1128 3535 1197 3588 satis
1224 3533 1312 3587 habeo
1331 3549 1347 3587 e
1364 3547 1459 3600 magno

342 3628 476 3682 librorum
495 3641 608 3681 numero
627 3625 804 3695 gravissimos
823 3624 923 3680 afferre
941 3626 1006 3679 hos:

379 3715 495 3770 Carolus
514 3715 626 3778 Goebel,
644 3714 687 3770 De
705 3715 813 3784 poetico
832 3713 939 3768 Tacitei
957 3713 1015 3767 stili
1034 3713 1134 3766 colore.
1154 3712 1245 3767 Berot
1266 3715 1343 3767 1859.

380 3803 433 3858 Ed.
451 3802 600 3871 Woelfflin,
620 3804 741 3858 Tacitus.
760 3803 859 3857 Philol.
878 3805 921 3869 26,
941 3805 1004 3870 121;
1026 3803 1087 3856 399.

381 3924 414 3934 -
435 3921 469 3934 -
487 3893 539 3947 Die
557 3892 756 3960 Nachahmung
773 3892 802 3945 in
821 3890 871 3945 der
889 3891 1069 3944 lateinischen
1088 3888 1183 3958 Prusa,
1210 3888 1311 3943 Archiv
1330 3889 1350 3942 s.
1369 3888 1458 3942 latein.

416 3982 512 4036 Lexik.
533 3984 574 4049 12,
594 3998 621 4050 p.
641 3971 785 4050 114sqq.'
822 4011 825 4018 ,

381 4077 414 4126 A.
434 4059 659 4139 Draeger‚1”Jber
678 4071 783 4140 Syntax
800 4067 856 4124 und
875 4067 993 4124 Stil-des
1012 4068 1134 4123 Tacitus.
1170 4067 1285 4136 Leipzig
1306 4068 1392 4122 18822.

347 4171 350 4180 ’
382 4161 425 4214 W.
439 4161 465 4215 S.
477 4159 591 4226 Teuffel,
609 4147 685 4214 Uber
697 4157 845 4214 Sallustius
864 4157 1060 4224 und·Tacitus,
1079 4157 1195 4224 Tibing.
1214 4157 1374 4225 Progrumm
1387 4159 1459 4210 1868.

380 4249 427 4304 Fr.
445 4249 512 4316 heo,
532 4249 583 4302 Die
601 4248 851 4318 gdech-romische
869 4247 1037 4316 Biographie
1054 4262 1081 4314 p.
1100 4249 1162 4300 232.

381 4338 433 4393 Ed.
452 4337 573 4405 Norden,
591 4338 644 4392 Die
663 4337 757 4391 entiae
775 4337 952 4406 Kunstprosa
969 4335 983 4388 I
1001 4352 1028 4405 p.
1048 4338 1100 4390 329
1108 4351 1167 4403 sqq.

387 4432 500 4482 itiam
543 4427 624 4496 stein,
643 4427 661 4481 l.
680 4426 699 4480 l.
719 4426 831 4495 passim.
