3138 5178
818 515 1034 582 ..23-

366 689 569 782 Nipperdey
591 689 692 756 Thuc.
718 689 789 756 VII
811 691 862 756 75.
876 690 912 755 4:
948 679 1176 756 Athenienses
1207 693 1302 756 terra
1337 689 1483 776 marique

367 797 402 862 in
426 796 542 864 Sicilia
564 793 819 881 aSyracusanis
841 795 927 862 victi
953 817 1075 882 magno
1099 794 1297 862 afficiuntur
1325 815 1484 860 maerore.

369 901 576 988 Corporibus
600 901 782 967 occisorum
804 901 949 968 nondum
967 899 1110 988 sepultis
1127 900 1167 982 ei,
1193 901 1250 988 qui
1274 899 1485 987 superstites.

366 1006 425 1074 sed
446 1005 620 1074 vulnerati
644 1008 679 1072 et
703 1006 782 1073 fessi
805 1009 885 1072 sunt
906 1005 1030 1084 relicti,
1066 1008 1166 1072 erant
1189 1001 1360 1092 digniores
1384 1006 1487 1072 etiarn

365 1110 605 1178 misericordia.
651 1110 753 1177 Multi
786 1105 938 1197 integros
973 1110 1096 1178 amicos
1128 1111 1222 1199 sequi
1254 1113 1333 1178 sunt
1356 1113 1486 1178 conati:

367 1213 416 1300 „et
435 1241 478 1303 τῳ
503 1215 535 1280 δὲ
559 1217 696 1306 apelleos
719 1217 843 1301 ἡρώμη
867 1215 971 1279 καὶτὸ
996 1224 1093 1302 σῶμα,
1119 1215 1173 1279 οὐκ
1195 1214 1265 1280 ἄνευ
1292 1219 1400 1299 ὀλίγων
1425 1218 1488 1280 ἑπο-

368 1323 522 1407 ὓειασμῶν
545 1321 595 1386 καὶ
619 1323 752 1406 οἰμωγῆς
776 1323 1005 1405 ἀπολειπόμενοι
1029 1372 1035 1383 .
1055 1372 1061 1386 .
1080 1323 1106 1386 .“
1122 1321 1157 1405 ¹).
1207 1325 1209 1329 ’

452 1426 507 1494 Sic
530 1431 565 1494 et
587 1427 676 1492 Aun.
701 1425 844 1494 XIV4l
871 1425 1089 1514 ,perculit
1111 1426 1149 1492 is
1173 1426 1269 1494 dies
1293 1427 1489 1516 Pompeium

365 1555 497 1621 quoque
519 1532 718 1598 Aelianum“
756 1535 848 1598 certe
882 1531 1006 1598 alludit
1040 1532 1083 1599 ad
1115 1531 1192 1600 Livi
1214 1533 1266 1613 42,
1294 1533 1371 1598 tm
1402 1533 1489 1614 ,hic

366 1636 461 1704 dies
493 1641 528 1704 et
550 1637 713 1704 Romanis
747 1637 871 1704 refecit
905 1637 1032 1704 animos
1055 1640 1091 1704 et
1113 1637 1240 1705 Persea
1274 1638 1489 1725 perculit.

366 1748 405 1810 ut
429 1795 434 1808 .
455 1795 460 1808 .
480 1794 486 1808 .
510 1743 546 1810 in
568 1742 798 1809 Macedoniam
821 1742 991 1830 reciperet
1014 1743 1157 1830 copias“.

451 1847 536 1916 Inde
559 1869 580 1914 a
601 1847 719 1935 primis
742 1847 823 1913 libri
846 1847 1018 1914 annalium
1048 1849 1137 1914 sexti
1172 1848 1339 1936 capitibus
1362 1871 1490 1936 graves

363 1955 399 2020 in
423 1953 536 2020 Seiani
560 1954 707 2020 conscios
731 1954 921 2020 sententiae
944 1953 1040 2020 nobis
1062 1958 1237 2042 ponuntur
1260 1959 1341 2021 ante
1365 1955 1490 2022 oeulos.

345 2071 349 2078 '
367 2060 451 2125 Tum
476 2059 658 2126 transitum
681 2059 725 2126 ad
740 2081 898 2145 magnum
914 2058 1051 2146 aliquod
1067 2063 1102 2126 et
1117 2060 1333 2128 memorabile
1349 2060 1491 2142 facinus,

366 2164 455 2252 quod
476 2165 669 2251 neglectum
691 2186 712 2231 a
734 2164 906 2252 prioribus
930 2187 1044 2230 rerum
1075 2165 1300 2253 scriptoribus
1324 2165 1395 2252 ipse
1417 2167 1491 2253 pri·

327 2305 329 2314 v
367 2293 439 2336 mus
469 2269 635 2336 historiae
669 2264 865 2353 inseruerit,
899 2269 951 2336 bis
987 2268 1098 2336 verbis
1121 2269 1207 2336 facit
1230 2269 1369 2336 Tacitus
1393 2272 1492 2357 quasi

367 2375 476 2462 operis
501 2375 553 2442 sui
581 2377 819 2461 argumentum
848 2395 1009 2441 excusans
1034 2377 1069 2440 et
1092 2395 1159 2461 qua
1181 2375 1316 2442 ratione
1345 2375 1493 2442 dumtur

368 2481 440 2567 ipse
464 2475 652 2568 explicans:
685 2479 769 2567 (cap.
795 2479 827 2564 7)
854 2479 991 2567 „Neque
1007 2485 1087 2545 'sum
1110 2478 1252 2566 ignarus
1276 2502 1295 2544 a
1318 2476 1491 2567 plerisque

368 2585 590 2673 scriptoribus
622 2585 745 2650 omissa
780 2583 961 2650 multorum
995 2584 1146 2670 pericula
1175 2588 1211 2650 et
1244 2606 1377 2672 poenas,
1412 2585 1494 2651 dum

366 2692 462 2779 copia
486 2690 652 2757 fatiscunt
675 2692 746 2772 aut,
780 2710 866 2778 quae
896 2689 978 2776 ipsis
1000 2690 1105 2756 nimia
1128 2693 1164 2756 et
1185 2693 1316 2756 maesta
1339 2691 1494 2772 fuerant,

365 2818 407 2862 ne
423 2795 498 2882 pari
513 2795 626 2862 taedio
643 2794 793 2860 lecturos
810 2794 989 2861 afficerent
1003 2803 1185 2861 verentur:
1208 2795 1305 2862 nobis
1329 2795 1496 2882 pleraque

369 2899 473 2986 digna
509 2899 647 2988 cognitu
683 2901 857 2977 obvenere,
897 2919 1096 2986 quamquam
1131 2901 1173 2965 ab
1210 2899 1286 2966 aliis
1321 2899 1496 2968 incele-

295 3017 297 3025 ’
368 3009 529 3073 brata“.
565 2991 669 3071 'Cum
702 3004 755 3070 bis
788 3004 904 3072 confer
928 3003 1009 3071 Sall.
1033 3004 1124 3071 Hist.
1148 3003 1166 3070 Ι
1190 3005 1232 3070 88
1264 3005 1305 3071 de
1337 3004 1496 3072 Sertorio

366 3111 511 3177 dictum:
549 3111 692 3199 ,Magna
714 3109 826 3197 gloria
849 3110 1008 3175 tribunus
1035 3109 1180 3175 militum
1205 3110 1239 3174 in
1261 3109 1429 3198 Hispania
1453 3111 1496 3176 T.

365 3217 466 3282 Didio
483 3217 684 3303 imperante,
709 3236 830 3302 magno
846 3215 923 3280 usui
942 3213 1029 3280 bello
1047 3215 1188 3282 Marsico
1205 3218 1328 3304 paratu
1343 3216 1497 3282 militum

367 3324 403 3388 et
426 3343 594 3389 armornm
617 3319 694 3401 fuit,
719 3320 894 3408 multaque
910 3322 985 3386 tum
1001 3319 1104 3386 ductu
1121 3319 1191 3386 eius
1216 3323 1357 3408 peracta
1375 3320 1496 3409 primo

368 3449 429 3514 per
453 3426 714 3511 ignobilitatem,
747 3424 867 3492 deinde
901 3447 961 3512 per
992 3425 1156 3492 invidiam
1179 3427 1382 3513 scriptorum
1406 3427 1496 3493 cele-

366 3534 499 3616 brata“,
535 3532 623 3620 quod
657 3554 731 3598 cum
765 3531 835 3598 ullo
869 3553 967 3598 sensu
998 3553 1114 3597 carere
1145 3553 1241 3598 nemo
1273 3555 1340 3598 non
1363 3517 1495 3614 videat,

366 3637 538 3704 levissima
562 3637 723 3703 scribitur
746 3637 949 3719 coniectura,
973 3658 1072 3724 quam
1095 3637 1272 3723 proposuit
1286 3637 1495 3719 Gronovius,

370 3742 628 3826 ,incelebrata“,
670 3742 804 3809 etiamsi
835 3741 925 3828 apud
955 3742 1120 3807 neminem
1152 3742 1218 3808 nisi
1252 3741 1405 3808 Tacitum
1438 3766 1497 3810 oc·

368 3849 477 3915 currit
498 3848 560 3914 hoc
584 3850 739 3932 verbum,
765 3846 824 3914 sed
845 3848 918 3934 ipse
941 3846 1052 3913 Taciti
1074 3847 1166 3913 locus
1179 3846 1336 3914 Sallustii
1359 3849 1497 3914 similli-

367 3976 439 4020 mus
462 3976 523 4020 uos
546 3951 761 4036 adhortatur,
786 3956 825 4019 ut
840 3953 991 4039 legamus
1012 3952 1268 4036 ,incelebrata“.
1314 3954 1386 4020 iam
1409 3955 1496 4040 quid

367 4059 445 4125 inde
469 4062 630 4145 sequatur
660 4057 841 4125 videamus.
888 4055 925 4124 Si
948 4080 985 4124 re
1007 4080 1090 4125 vera
1113 4057 1313 4126 SaHustium
1335 4060 1495 4127 imitatus

380 4197 585 4204 ..man-*—

460 4277 487 4346 1)
514 4275 558 4330 Ad
577 4281 663 4331 totam
683 4276 847 4331 sententiam
866 4273 940 4330 baud
959 4277 1051 4344 inepte
1071 4275 1212 4330 confertur
1231 4275 1399 4332 Liv.125.a
1421 4278 1497 4347 ,Ro-

368 4381 462 4422 manas
481 4366 602 4435 legiones
621 4367 676 4420 iam
695 4380 758 4435 spes
778 4371 846 4434 tota,
866 4365 986 4421 nondum
1004 4371 1096 4420 tamen
1116 4381 1183 4421 cura
1202 4364 1389 4422 deseruerat.“
