3138 5178
715 531 932 604 276—

256 703 333 770 cani
355 725 450 770 nemo
471 704 621 790 negabit.
668 704 782 792 Piger,
805 708 846 772 ut
868 705 965 772 modo
989 705 1068 787 dixi,
1099 728 1167 772 non
1190 703 1287 770 modo
1311 703 1379 770 dic-

256 814 328 876 tum
353 809 500 874 occurrit
523 807 683 896 deaquis
708 810 957 895 stagnantibus,
983 809 1042 890 sed
1064 797 1169 876 etiam
1191 809 1233 876 de
1249 809 1381 875 Oceano

257 918 409 980 extremo
433 913 558 996 utboc
580 914 691 981 Taciti
715 914 819 982 loco.'
847 915 1063 998 ,immotum“
1099 937 1229 1002 quoque
1258 914 1315 981 vel
1338 913 1381 980 si-

164 1098 166 1105 Ι
255 1018 350 1085 milia
372 1041 434 1105 per
457 1041 491 1084 se
514 1018 603 1085 haud
626 1019 678 1084 ita
699 1017 837 1085 insolite
861 1023 942 1085 sunt
964 1019 1064 1086 dicta.
1110 1018 1165 1085 Sic
1188 1017 1278 1105 apud
1297 1018 1381 1085 Cur-

255 1123 342 1190 tium
362 1121 492 1188 Rufum
514 1121 711 1189 Alexander
742 1123 830 1209 apud
862 1123 989 1190 milites
1017 1124 1103 1189 facit
1132 1125 1238 1192 verba
1262 1123 1303 1190 de
1324 1123 1382 1188 In-

256 1227 330 1294 dico
353 1227 459 1293 mari:
493 1227 607 1314 (le)
642 1227 850 1315 ,Caliginem
882 1231 918 1294 et
941 1231 1101 1296 tenebras
1125 1232 1160 1294 et
1183 1234 1382 1316 perpetuam

255 1335 387 1400 noctem
422 1333 576 1420 profecto
609 1333 824 1402 incubantem
855 1333 956 1416 mari,
991 1333 1158 1420 repletum
1189 1332 1383 1398 immanium

256 1438 442 1516 beluarum]
454 1437 616 1523 gregibus
649 1437 790 1520 fretum,
827 1437 1011 1504 immobiles
1040 1437 1162 1519 undas,
1197 1439 1231 1502 in
1260 1437 1382 1524 quibus
1413 1427 1415 1430 ⁵

68 1525 70 1530 f
127 1618 128 1621 Ἴ
256 1542 421 1609 emoriens
444 1546 571 1608 natura
604 1540 808 1624 defecerit“,
842 1545 877 1608 et
909 1541 1063 1608 insonte
1086 1541 1200 1624 huius,
1235 1541 1382 1608 Senecae

256 1647 330 1712 dico
355 1647 517 1714 suasoriis
541 1649 571 1729 1,
595 1646 801 1713 invenimus:
840 1643 939 1730 ,Stat
968 1647 1142 1712 immotum
1171 1668 1262 1713 mare
1285 1645 1384 1734 quasi

188 1801 204 1830 „
255 1751 443 1818 deficientis
477 1752 512 1816 in
545 1774 603 1818 suo
635 1752 702 1816 fine
734 1743 877 1820 naturae
900 1752 1001 1840 pigra
1024 1752 1158 1818 moles“.
1204 1751 1302 1817 Hune
1324 1749 1382 1818 Se·

176 1867 181 1879 ¹
255 1878 358 1923 necae
370 1857 445 1922 ideo
458 1855 563 1922 attuli
575 1855 695 1938 locum,
709 1855 799 1942 quod
810 1859 913 1923 verba
929 1857 1140 1939 ,immotum“
1158 1865 1193 1922 et
1208 1857 1380 1942 ,pigrum“

254 1960 309 2026 hic
333 1983 464 2048 quoque
487 1961 675 2049 invenimus
698 1963 885 2026 coniuncta.
942 1960 1009 2028 Sed
1031 1960 1186 2028 Tacitum
1214 1960 1382 2047 respicere

158 2107 161 2111 ·
256 2065 401 2132 Senecae
424 2067 535 2131 locum
557 2089 625 2131 non
647 2088 782 2153 possum
805 2065 959 2146 credere,
995 2066 1152 2153 quoniam
1175 2065 1383 2151 simpliciora

216 2167 222 2178 ’
254 2171 384 2237 Lucani
406 2174 510 2238 verba
534 2170 564 2235 ei
587 2173 668 2236 ante
692 2170 806 2236 oculos
831 2192 902 2236 esse
924 2174 1066 2236 versata
1087 2170 1193 2236 multo
1217 2173 1270 2236 est
1293 2169 1383 2238 veri-

255 2274 408 2340 similius
458 2351 459 2354 ,
511 2273 513 2280 ’

212 2391 217 2396 ’
322 2380 420 2462 Quod
430 2380 568 2446 Tacitus
579 2378 669 2446 Hist.
683 2380 722 2444 II
736 2380 778 2445 78
789 2380 979 2466 appellavit
989 2379 1234 2467 Vespasianum
1249 2401 1385 2462 ,rerum

254 2484 456 2563 dominum“,
480 2485 630 2551 fortasse
653 2485 707 2550 illi
731 2485 975 2552 obversabatur
989 2484 1070 2551 Luc.
1079 2485 1136 2550 Ἦ
1151 2485 1225 2566 595,
1250 2483 1307 2549 ubi
1328 2482 1384 2548 his

259 2589 400 2655 adfatur
424 2588 524 2656 dictis
547 2610 682 2674 magam
707 2588 935 2656 Thessalicam
960 2589 1082 2656 Sextus
1107 2589 1285 2677 Pompeius

416 2786 419 2792 .
890 2754 958 2796 non
976 2729 1103 2797 'ultima
1124 2733 1246 2797 turbae

358 2856 436 2920 pars
461 2856 523 2920 ego
547 2835 728 2911 Romanae,
754 2834 869 2920 Magni
893 2834 1079 2900 clarissima
1100 2834 1223 2921 proles

337 2939 414 3006 .vel
437 2939 635 3005 dominus
659 2962 800 3006 rerum
823 2939 879 3005 vel
901 2939 993 3006 tanti
1014 2940 1144 3026 funeris
1167 2939 1274 3005 heres.

273 3067 275 3072 ⁴
341 3072 430 3135 Ann.
447 3069 555 3134 V127
580 3069 718 3136 Tacitus
741 3069 894 3154 nominat
910 3069 1092 3136 Aemilium
1114 3091 1220 3155 genus
1247 3069 1381 3161 ,fecun-

253 3175 330 3241 dum
359 3177 524 3241 bonorum
546 3174 708 3256 civium“,
742 3173 832 3261 quod
862 3173 1019 3240 admonet
1047 3197 1108 3240 nos
1132 3174 1260 3240 Lucani
1283 3173 1381 3238 1165

255 3279 418 3363 ,fecunda
441 3279 593 3344 virorum
615 3282 832 3366 paupertas“.
857 3316 899 3326 --

340 3384 611 3470 Oppugnabatur
628 3383 788 3462 Massilia,
813 3371 885 3449 curn
910 3381 1036 3450 Caesar
1058 3382 1185 3449 milites
1209 3381 1382 3448 succidere

253 3510 387 3554 sacrum
417 3509 533 3554 nemus
564 3486 607 3553 ad
639 3472 828 3554 astruenda
856 3487 1126 3553 machinamenta
1156 3487 1266 3554 iussit.
1312 3485 1383 3568 Qui

252 3594 371 3674 veriti,
404 3615 447 3659 ne
470 3592 576 3658 caesis
609 3593 785 3658 roboribus
818 3593 922 3658 sacris
952 3613 1108 3679 magnam
1131 3591 1271 3657 deorum
1293 3592 1382 3658 iram

252 3697 319 3764 sibi
335 3697 567 3778 conciliarent,
585 3696 643 3761 diu
660 3699 916 3763 cunctabantur.
956 3696 1041 3762 Tum
1056 3720 1136 3763 vero
1152 3697 1222 3782 (HI
1238 3697 1301 3762 432
1315 3701 1381 3783 sq.)

93 3878 95 3880 .
166 3902 180 3922 -.
295 3829 476 3916 implicitas
499 3851 621 3914 magno
646 3827 770 3895 Caesar
792 3832 934 3915 torpore
957 3827 1111 3894 cohortes

294 3936 336 3999 ut
358 3934 456 4016 vidit,
480 3934 608 4020 primus
642 3936 778 4021 raptam
810 3933 945 4021 vibrare
969 3933 1144 4019 bipennem
1167 3955 1267 3998 ausus
1292 3983 1297 3998 .

295 4039 504 4104 effatur

251 4161 363 4230 Velim
397 4182 570 4248 compares
604 4184 679 4226 cum
712 4159 765 4224 his
799 4159 909 4225 Taciti
944 4161 1050 4225 verba
1081 4158 1169 4225 Hist.
1185 4159 1242 4224 ΠΙ
1257 4139 1307 4224 77'
1335 4159 1381 4226 de

249 4267 454 4333 Tarracinae
478 4261 748 4352 expugnatione:
776 4263 910 4349 ,Ceteri
931 4263 975 4330 ad
996 4275 1100 4329 naves
1124 4266 1286 4345 ruebant,
1317 4266 1384 4331 ubi

248 4373 370 4438 cuncta
393 4371 470 4459 pari
493 4370 673 4437 formidine
696 4367 993 4456 implicabantur“.
1098 4438 1100 4442 ,
1280 4381 1282 4386 ’
