3138 5178
770 505 986 569 ...82-

319 678 472 746 Caesaris
495 681 531 745 et
550 673 691 767 Pompei
712 679 816 746 facta.
862 679 1005 746 Frustra
1027 679 1146 745 horum
1166 677 1239 746 tela
1261 678 1388 746 cadunt
1409 678 1447 745 in

319 785 432 851 hostes
456 783 533 867 (208
546 783 645 872 sqq.).

383 907 431 973 sic
452 905 603 992 Libycus
625 906 737 974 densis
763 905 923 994 elephans
947 929 1126 994 oppressus
1149 909 1192 972 ab
1215 907 1316 974 armis
1350 939 1352 942 ·

379 1017 479 1079 'omne
502 997 733 1098 repercussum
746 1012 928 1100 squalenti
948 1011 1077 1079 missile
1099 1015 1198 1099 tergo

383 1117 516 1203 frangit
538 1120 574 1184 et
598 1117 769 1183 haerentis
792 1120 886 1183 mota
908 1120 986 1184 cute
1009 1117 1152 1184 discutit
1173 1117 1307 1202 hastas3
1375 1117 1377 1126 ’

382 1221 514 1289 viscera
535 1225 615 1289 tuta
636 1222 749 1289 latent
772 1222 917 1308 penitus,
941 1221 1143 1308 citraque
1166 1245 1356 1289 cruorem

384 1326 534 1393 confixae
557 1329 658 1394 stant
675 1326 747 1394 tela
768 1326 872 1393 ferae.
1338 1354 1345 1388 a

405 1447 567 1530 Quamvis
590 1438 730 1516 differat
753 1450 829 1533 ἦθος
850 1449 926 1532 loci,
951 1449 1054 1515 simili
1075 1453 1189 1518 tamen
1212 1472 1311 1516 sensu
1335 1431 1445 1531 ⁴„citra

318 1557 490 1638 cruorem“
514 1553 601 1619 nihil
623 1541 717 1620 aliud
740 1553 912 1642 significat
941 1575 1040 1642 quam
1069 1553 1156 1619 illud
1180 1554 1287 1636 „citra
1309 1555 1445 1642 sangui-

318 1661 426 1728 nem“.
481 1655 547 1726 Sed
579 1658 695 1726 confer
721 1659 814 1730 Livii
846 1658 1025 1747 periochae
1050 1660 1112 1726 126
1148 1659 1281 1742 „citra
1310 1659 1446 1727 ullum

318 1764 571 1851 sangninem
592 1764 718 1830 bellum
740 1764 917 1846 confecit“‚
941 1785 980 1830 ac
1001 1763 1069 1830 iam
1092 1763 1181 1832 dices
1205 1763 1362 1832 Tacitum
1393 1766 1448 1832 uti

318 1868 465 1936 dictione
488 1868 549 1934 illa
572 1871 689 1936 aetate
711 1867 801 1934 haud
824 1869 993 1937 inusitata
1002 1869 1035 1955 ¹).

405 1974 486 2040 Luc,
503 1973 555 2040 IV
568 1973 633 2038 710
644 1995 715 2061 sqq.
733 1976 813 2040 suut
828 1972 1029 2040 decurione
1043 1973 1171 2042 corfini
1185 1974 1221 2039 in
1240 1995 1318 2042 arce
1333 1977 1438 2062 capto

387 2184 389 2188 ι
557 2157 559 2164 ,
953 2096 1000 2162 sic
1022 2095 1116 2162 fatus
1140 2096 1269 2184 apertis

427 2201 593 2266 instruxit
615 2201 741 2287 campis
764 2201 870 2286 acies;
894 2222 993 2286 quem
1014 2201 1178 2268 blanda
1200 2201 1326 2267 futuris

428 2305 611 2398 deceptura
633 2305 730 2371 malis
753 2305 837 2371 belli
859 2304 876 2369 f
881 2310 1037 2373 ortana
1058 2305 1215 2415 recepit'

317 2427 405 2505 haec
428 2440 480 2504 est
502 2438 641 2504 fortuna
662 2437 754 2520 belli,
781 2459 866 2524 quae
888 2437 1196 2524 primoblandiens
1219 2440 1318 2505 rebus
1340 2437 1448 2504 homi·

322 2566 403 2608 num
433 2546 506 2608 tum
538 2564 594 2608 eos
623 2541 766 2628 decepit.
792 2541 897 2608 'Cum
928 2541 981 2608 his
1003 2542 1133 2608 Lucani
1163 2543 1275 2610 verbis
1297 2543 1451 2609 Haskins

317 2651 494 2735 comparat
508 2646 620 2715 Taciti
631 2647 722 2714 Hist,
737 2647 775 2712 Π
788 2648 829 2712 12
856 2647 1190 2732 „blandiebatur
1212 2648 1342 2737 coeptis
1364 2647 1450 2714 for-

321 2754 467 2832 tuna“,
491 2751 583 2818 haud
605 2752 672 2818 scio
694 2774 739 2817 an
761 2756 869 2834 necte,
896 2752 986 2839 quod
1007 2753 1136 2819 attinet
1168 2753 1211 2818 ad
1234 2752 1376 2820 similem
1398 2753 1452 2818 lo-

321 2880 439 2924 corum
469 2856 623 2922 colorem.
675 2856 809 2923 Blanda
840 2857 986 2945 primum
1001 2897 1004 2904 .
1017 2857 1085 2924 fuit
1116 2857 1258 2924 fortuna
1284 2856 1453 2923 Othonia-

324 2985 442 3029 norum
474 2983 648 3049 „possessa
669 2984 730 3047 per
752 2983 843 3028 mare
867 2965 903 3028 et
924 2984 1028 3029 neves
1051 2963 1176 3029 maiore
1199 2962 1327 3029 Italiae
1349 2965 1454 3048 parte

321 3067 458 3156 penitus
481 3088 587 3152 usque
609 3067 653 3132 ad
675 3066 810 3132 initium
827 3067 1075 3133 maritimarum
1087 3066 1258 3153 Alpium“‚
1281 3066 1340 3132 sed
1361 3077 1453 3154 sp'eS,

319 3194 422 3260 quam
452 3173 488 3236 in
518 3171 570 3237 his
600 3174 701 3239 rebus
734 3173 917 3257 posuerant
945 3176 1079 3260 pantes,
1114 3170 1241 3238 fefellit
1264 3193 1337 3253 eos,
1363 3193 1452 3236 cum
1565 3263 1566 3266 Ἴ

410 3423 436 3488 1)
464 3417 506 3472 Cf.
527 3419 621 3472 Senec.
646 3417 774 3473 declam.
794 3419 892 3474 12'5.1
915 3426 961 3488 „ut
979 3421 1033 3474 iste
1052 3420 1158 3474 animus
1178 3461 1225 3472 ...
1245 3420 1315 3474 citra
1336 3419 1453 3488 sangui-

317 3525 380 3564 nem
398 3507 564 3574 caedemque
582 3509 725 3562 satietur“.
746 3539 780 3548 -
800 3512 870 3563 Ann.
884 3509 956 3562 1121
986 3509 1026 3562 sic
1049 3514 1146 3562 namet
1167 3508 1279 3562 Tacitus
1299 3505 1333 3562 de
1352 3523 1452 3576 pugna
1564 3547 1565 3586 3

319 3597 476 3656 Germanici
495 3613 554 3650 cum
574 3598 697 3652 Arminio
717 3597 806 3652 facta:
829 3599 957 3668 „lamque
976 3614 1038 3653 sero
1057 3597 1112 3652 diei
1130 3597 1259 3652 subducit
1278 3613 1311 3651 ex
1330 3597 1390 3650 acie
1409 3597 1452 3651 le·

319 3687 427 3756 gionem
446 3684 581 3740 faciendis
600 3687 717 3740 castris:
746 3694 855 3742 ceterae
880 3687 915 3742 ad
939 3694 1046 3742 noctem
1065 3703 1196 3742 cruore
1216 3688 1374 3741 hostium
1394 3702 1450 3741 sa·

318 3776 437 3829 tiatae
456 3778 565 3843 sunt“‚
586 3775 659 3842 quod
678 3793 732 3830 non
752 3782 795 3830 est
813 3775 987 3831 referendum
1007 3774 1043 3831 ad
1061 3777 1163 3831 Luc.V
1178 3781 1229 3830 242

967 3900 1027 3938 cum
1047 3899 1134 3952 paene
1152 3883 1247 3937 fideles

443 3988 493 4041 per
512 3977 554 4026 tot
572 3973 646 4025 bella
665 3988 786 4028 manus
806 3975 970 4027 satiatae
989 3973 1170 4041 sanguine
1188 3971 1299 4027 tandem

446 4062 597 4117 destituere
616 4061 722 4122 ducem,
1120 4058 1122 4062 ’

319 4171 389 4224 Nam
414 4170 498 4224 verba
523 4175 584 4224 arte
603 4169 796 4224 alliterationis
822 4169 911 4238 figura
934 4171 1080 4227 coniuncta
1098 4185 1181 4238 saepe
1200 4174 1348 4224 occurrunt
1366 4173 1448 4238 apud
1562 4209 1563 4214 κ

317 4260 468 4329 scriptores
488 4265 516 4312 et
535 4265 632 4327 poetas
652 4259 782 4327 Latinos,
810 4261 858 4328 qui
883 4275 975 4314 omnes
999 4258 1119 4314 fortasse
1142 4264 1324 4327 respexerunt
1343 4259 1449 4315 Home-

318 4350 404 4402 ricum
423 4351 529 4419 αἵματος
548 4351 612 4402 ἆσαι.
624 4347 723 4418 (Iliad.
737 4349 763 4400 X
776 4353 827 4404 267
847 4374 881 4396 =
901 4349 992 4418 ΥἹΘ).
1333 4363 1336 4368 ’
