3138 5178
760 499 978 564 ..70-

303 671 554 760 quinquaginta
576 673 706 740 milium
739 673 885 762 spatium
917 674 1037 740 ferro
1061 675 1334 761 flammisque
1356 697 1433 762 per·

305 779 454 843 vastat“.
501 777 574 844 Hoc
596 779 731 867 quidem
754 779 865 845 dicere
887 801 1062 865 possumus
1085 778 1267 845 formulam
1289 777 1433 866 pluralis

303 882 435 947 numeri
466 885 546 948 ante
570 883 724 950 Tacitum
745 873 857 972 poetis
880 905 952 950 esse
975 885 1169 972 proprium,
1198 883 1285 950 unde
1308 884 1336 950 is
1360 906 1433 950 eam

228 999 231 1008 '
306 987 486 1074 sumpsisse
509 986 669 1054 videatur
678 987 710 1073 1).

393 1091 559 1158 Ultimum
590 1093 656 1158 iam
685 1093 784 1160 huius
816 1093 926 1180 partis
956 1116 1045 1159 nunc
1069 1094 1208 1161 afferam
1232 1094 1430 1181 exemplum.

307 1187 440 1276 Quarto
465 1197 621 1262 carminis
644 1197 732 1264 libro
755 1197 901 1265 inseruit
922 1198 1079 1264 Lucanus
1111 1199 1224 1264 cursui
1246 1221 1357 1266 rerum
1380 1200 1434 1264 fa-

305 1300 419 1366 bulam
442 1300 569 1368 Antaei
591 1324 683 1369 more
715 1302 864 1368 oratorio
895 1303 1030 1389 copiose
1059 1307 1241 1369 narratam.
1287 1303 1437 1370 Constat

306 1403 402 1486 illum
434 1406 610 1494 gigantem
643 1430 716 1473 cum
739 1407 884 1488 Hercule
915 1410 1126 1494 pugnantem¹
1154 1430 1172 1473 e
1202 1411 1299 1474 terra
1319 1411 1435 1494 matre

304 1513 482 1597 reparasse
506 1511 613 1593 vires,
646 1498 726 1577 oum*
750 1511 845 1577 illam
868 1534 1009 1597 corpore
1031 1514 1197 1598 tangebat
1230 1514 1275 1594 (v.
1293 1512 1436 1599 elasq.)

409 1641 560 1739 quisquis
583 1651 672 1718 inest
694 1653 807 1732 terris,
831 1654 866 1717 in
889 1652 995 1719 fessos
1021 1653 1209 1738 spiritns
1233 1655 1331 1718 artus

410 1757 629 1844 egeritur,
654 1757 824 1844 tellusque
846 1757 919 1824 viro
942 1757 1096 1824 luctante
1120 1756 1285 1824 laborat“.

310 1896 408 1978 Quod
431 1900 526 1963 recte
548 1897 798 1985 interpretatur
819 1897 976 1984 Hasliins
1009 1921 1083 1964 cum
1106 1898 1253 1984 explicet
1276 1897 1436 1985 spiritum

308 2024 325 2068 e
362 2005 458 2068 terra
494 2005 647 2088 egestum
680 2002 717 2068 in
748 2006 843 2068 artus
877 2003 1028 2088 gigantis
1057 2001 1188 2068 induci:
1225 2025 1290 2068 uno
1323 2002 1438 2088 igitur

306 2108 414 2174 verbo
439 2107 524 2172 duae
554 2107 805 2194 coniunguntur
837 2095 902 2174 res.
948 2105 1057 2173 Huius
1090 2107 1157 2172 loci
1184 2129 1245 2176 nos
1275 2105 1438 2173 admonet

309 2210 422 2277 Taciti
451 2213 540 2276 Ann.
565 2211 631 2277 XV
645 2211 705 2278 '642
745 2212 889 2278 Mortem
923 2211 1103 2293 Paulinae,
1143 2211 1288 2277 Senecae
1321 2211 1434 2294 uxori,

306 2339 373 2382 una
404 2339 476 2382 cum
507 2317 633 2393 marito
665 2315 870 2389 destinatam
901 2321 1004 2404 atque
1026 2317 1093 2382 iam
1122 2316 1256 2382 illatam
1287 2316 1437 2382 inhiberi

306 2421 419 2488 subito
442 2421 538 2488 iubet
555 2421 647 2488 Nero
673 2423 785 2504 „servi
805 2421 987 2510 libertique
1010 2421 1165 2507 obligant
1186 2421 1334 2503 brachia,
1358 2443 1436 2510 pre-

308 2530 405 2593 munt
422 2527 626 2612 sanguinem,
651 2526 818 2592 incertum
835 2549 878 2592 an
892 2527 1034 2612 ignarae
1053 2578 1059 2590 .
1079 2577 1085 2592 .
1105 2577 1111 2590 .
1128 2577 1135 2591 .
1152 2525 1282 2612 (Vitae)
1299 2525 1436 2592 addidit

308 2653 431 2718 paucos
442 2635 562 2718 postea
572 2629 675 2720 annos
689 2631 868 2714 (Paulina),
885 2631 1047 2698 laudabili
1058 2632 1094 2696 in
1105 2631 1265 2698 maritum
1274 2630 1437 2696 memoria

308 2739 344 2802 et
368 2757 424 2801 ore
440 2757 479 2801 ac
493 2735 649 2801 membris
671 2735 708 2801 in
723 2758 797 2801 eum
812 2734 976 2822 pallorem
992 2736 1193 2816 albentibus,
1217 2738 1256 2801 ut
1274 2735 1428 2801 ostentui

309 2845 400 2908 esset
422 2841 603 2907 multum
625 2840 784 2907 vitalis
808 2842 994 2928 spiritus
1018 2844 1244 2927 egestum“.
1288 2841 1435 2907 Praeter

308 2945 395 3011 illud
417 2945 622 3012 adiectivum
645 2946 762 3013 vitalis
785 2968 806 3012 a
825 2947 944 3012 Tacito
968 2945 1121 3012 additum
1143 2948 1248 3012 verba
1274 2935 1434 3031 „spiritus

308 3053 489 3137 egestum“¹
507 3055 579 3117 tam
602 3051 725 3117 similia
748 3055 828 3117 sunt
851 3052 962 3118 verbis
980 3051 1120 3132 Lucani,
1143 3054 1183 3116 ut
1206 3051 1435 3119 coniecturam

308 3155 442 3242 quidem
465 3179 584 3244 capere
606 3157 770 3243 possimus
794 3137 892 3222 buius
917 3179 1032 3222 versus
1058 3161 1138 3222 ante
1162 3154 1274 3222 oculos
1290 3152 1343 3219 illi
1358 3176 1433 3220 esse

308 3264 475 3344 versatos,
513 3261 580 3327 nisi
603 3260 696 3325 Plini
724 3259 816 3326 locus
847 3259 1016 3328 indicaret
1046 3282 1252 3327 communem
1282 3257 1436 3347 proferri

308 3366 458 3431 fortasse
480 3387 551 3432 rem
575 3368 610 3430 et
633 3365 855 3447 sententiam,
889 3365 931 3431 cf.
955 3365 1060 3430 Plinii
1089 3367 1161 3429 nat.
1177 3363 1258 3430 hist.
1276 3362 1395 3445 31,33.
1414 3365 1433 3426 1

314 3473 513 3556 „praeterea
537 3472 591 3536 est
614 3468 700 3535 alius
723 3492 802 3535 usus
826 3450 1014 3555 multiplex,
1047 3467 1246 3556 principalis
1270 3488 1352 3535 vero
1374 3487 1437 3532 na-

308 3574 449 3660 vigandi
486 3573 616 3661 phthisi
652 3574 801 3651 affectis
838 3578 879 3640 ut
916 3573 1077 3655 diximus,
1116 3576 1177 3639 aut
1215 3571 1435 3657 sangnine

310 3681 494 3766 egesto“.
541 3678 706 3766 Spiritum
729 3702 810 3746 vero
834 3678 890 3745 vel
913 3678 1057 3744 animam
1083 3676 1250 3744 contineri
1272 3675 1438 3762 sanguine

311 3784 380 3850 iam
401 3783 479 3850 inde
502 3806 523 3850 a
544 3783 690 3850 Homero
714 3784 894 3850 communis
918 3787 995 3882 erat
1019 3781 1176 3870 opinio‘2).

402 3998 428 4063 1)
449 3995 574 4048 Ceterum
592 4011 627 4049 ne
646 3995 697 4048 hoc
717 3993 825 4062 quidem
845 3995 905 4049 loco
925 4011 1135 4049 commemorare
1161 3995 1256 4049 omitto
1275 3994 1360 4047 verba
1378 3993 1438 4046 alia

310 4101 344 4139 ex
363 4085 425 4138 aliis
452 4084 610 4139 auctoribus
630 4090 747 4152 sumpta.
785 4085 905 4154 „Captus
925 4085 1008 4138 animi
1031 4100 1085 4138 non
1105 4085 1213 4152 lingua,
1242 4099 1295 4136 non
1321 4083 1438 4136 auribus

310 4178 480 4243 competere“
502 4191 586 4243 supra
606 4177 645 4244 (p.
667 4178 712 4243 19)
732 4176 882 4243 attulimus,
902 4191 952 4228 nec
971 4191 1025 4228 non
1044 4174 1124 4228 finem
1144 4174 1242 4242 capitis
1262 4172 1439 4243 („audaclam

303 4255 362 4334 'pro
382 4265 497 4318 latebris
516 4265 676 4330 haberent&
696 4283 722 4334 p.
736 4266 791 4332 23).

410 4355 438 4424 2)
459 4354 499 4408 cf.
520 4352 744 4422 Pseud-Quintil.
762 4353 881 4408 Declam.
902 4356 927 4420 5,
943 4355 975 4407 18
1001 4354 1041 4422 „si
1059 4353 1217 4406 vulneribus
1237 4351 1376 4406 confectos
1396 4366 1443 4407 re-
