3138 5178
604 497 820 578 ..31-

147 683 347 752 conferetur
369 683 487 751 Livius
511 683 721 770 (1140.11):
757 706 844 766 „non
870 682 1068 752 inviderunt
1089 681 1190 750 laude
1213 703 1275 750 suu

145 787 344 856 mulieribus
368 788 436 856 viri
457 788 634 856 Romaui“.
680 787 812 856 Similia
834 787 925 875 apud
941 787 1087 857 Plinium
1108 789 1274 856 minorem

146 891 298 979 aliosque
320 894 447 982 passim
469 893 633 982 leguntur
644 894 677 981 ¹).

233 997 319 1064 Tum
340 997 457 1066 inveni
478 997 569 1087 apud
586 997 742 1066 Tacitum
764 1000 904 1066 verbum
930 1000 1165 1082 terubescer&
1191 1019 1268 1066 con-

148 1102 300 1170 iunctum
323 1125 396 1170 cum
419 1102 599 1185 infinitivo,
622 1103 713 1170 Ann.
729 1101 782 1170 VI
799 1103 841 1168 23
867 1102 1125 1190 „consultusque
1149 1100 1274 1170 Caesar

149 1229 193 1273 an
216 1207 353 1296 sepeliri
375 1207 521 1290 sineret,
554 1228 639 1273 non
661 1207 841 1275 erubuit
869 1208 1143 1295 permittere
1165 1207 1273 1275 ultro·

149 1333 214 1398 que
236 1312 394 1381 incusare
415 1333 528 1390 casus,
563 1311 623 1399 qui
644 1335 737 1378 reum
761 1312 996 1395 abstulissent,
1019 1321 1201 1400 antequam
1221 1335 1273 1380 co-

147 1438 220 1482 ram
235 1417 525 1496 convinceretur“‚
541 1415 631 1484 Anu.
641 1415 728 1484 XIV
739 1417 782 1482 43
801 1438 874 1502 „an‚
890 1421 932 1485 ut
946 1416 1082 1505 quidum
1097 1417 1273 1506 lingere

146 1543 230 1588 non
253 1523 547 1605 erubescunt,
579 1521 721 1588 iniurias
753 1543 831 1590 suas
853 1521 948 1590 ultus
979 1526 1032 1590 est
1062 1523 1273 1606 interlector,

149 1625 231 1714 quia
259 1625 301 1692 de
322 1631 470 1714 peteme
498 1626 641 1714 pecunia
671 1629 892 1714 transegerat
914 1631 976 1694 aut
998 1627 1129 1714 avitum
1150 1627 1274 1696 munci-

148 1731 241 1818 pium
253 1727 543 1798 detrahebatun?“
577 1729 634 1798 Sic
649 1730 836 1798 invenimus
852 1730 943 1820 apud
953 1731 1124 1800 Lucanum
1138 1731 1274 1798 111112

560 1882 688 1966 melius,
713 1883 803 1972 quod
824 1883 960 1970 plura
981 1867 1142 1952 iubere

194 1987 383 2054 erubuit
407 2007 533 2075 quam
555 1987 690 2056 Roma
711 1989 822 2076 peti.

150 2137 218 2206 Sed
228 2139 358 2227 primus
370 2162 451 2206 usus
464 2143 519 2207 est
530 2139 592 2227 hae
602 2141 853 2208 constructione
860 2139 1034 2228 Vergilius
1047 2141 1132 2225 (Ecl.
1146 2143 1175 2224 6,
1189 2143 1274 2230 leq.)

194 2293 304 2380 prime
327 2291 507 2379 Syiuoosio
530 2293 673 2380 dignata
694 2297 749 2361 est
769 2293 888 2360 ludere
910 2315 1012 2362 versu
1067 2309 1069 2317 ’

195 2404 320 2494 nostra
344 2407 480 2485 neque
513 2397 692 2465 erubuit
715 2397 854 2466 silvas
876 2399 1086 2466 habitare
1108 2399 1273 2467 Thelia.
1325 2495 1327 2500 Ι

150 2547 241 2630 Quin
264 2549 368 2616 etium
381 2549 536 2616 Tacitum
559 2550 689 2618 imitari
700 2549 892 2638 Vergilium
914 2549 993 2618 inde
1009 2526 1181 2640 'apparere
1204 2567 1274 2620 ore·
1351 2637 1355 2648 .

147 2652 308 2736 diderim‚
345 2653 434 2742 quod
456 2659 599 2743 uterque
627 2677 727 2722 sensu
754 2655 922 2742 negative
940 2654 1023 2722 dicit
1049 2679 1135 2740 „nou
1157 2657 1295 2751 erube-¹

148 2780 243 2826 scere
264 2757 397 2847 aliquid
417 2759 569 2844 fecere“;
604 2759 695 2848 quod
723 2764 778 2828 est
807 2758 896 2828 idem
927 2781 967 2826 uo
991 2760 1123 2844 „vereri
1144 2760 1275 2850 aliquid
1382 2800 1386 2805 -

147 2863 292 2946 fecere“‚
316 2863 407 2953 quod
431 2887 502 2932 esse
525 2865 698 2955 exemplar
712 2865 804 2932 illius
819 2869 1000 2934 verborum
1013 2867 1274 2934 constructionis

147 2970 243 3054 puto.
289 2967 356 3037 Sed
377 2970 445 3036 iem
467 2969 512 3038 ad
533 2970 620 3067 alios
642 2970 878 3058 transgredior
900 2969 1000 3036 locos.
1302 3013 1303 3016 =

236 3074 421 3160 Agricolae
453 3097 525 3163 cap.
542 3077 584 3142 35
614 3075 778 3160 Agricola
808 3075 993 3162 imperator
1023 3073 1149 3141 milites
1177 3075 1273 3142 saddo-

147 3178 247 3246 cutus
283 3178 335 3246 ita
367 3181 533 3246 instruxit
564 3179 685 3260 eciem,
723 3182 764 3262 ut
793 3179 946 3266 peditum
973 3179 1102 3246 auxilia
1130 3178 1274 3246 medium

149 3283 256 3350 aciem
278 3285 462 3368 firmarent,
486 3286 617 3372 equites
640 3307 783 3351 cornua:
809 3283 1005 3372 „Legiones
1018 3307 1080 3372 pro
1097 3284 1190 3352 vello
1206 3289 1274 3352 ste·
1299 3329 1303 3338 ·

148 3391 241 3472 tere,
276 3388 396 3482 ingens
424 3390 590 3458 victoriae
619 3389 718 3456 decus
747 3390 835 3456 citra
855 3389 1044 3456 Romanum
1077 3389 1274 3477 sauguinem

148 3492 331 3576 bellandi&
354 3495 414 3561 ubi
428 3498 533 3564 verbe
558 3495 665 3578 „citra
680 3494 868 3562 Romanum
892 3495 1107 3581 sanguinem“
1132 3493 1275 3562 insolita

149 3597 284 3666 dicendi
304 3600 440 3667 ratione
462 3600 657 3688 significant
685 3599 776 3682 „sine
799 3598 962 3686 sanguine
993 3598 1092 3686 (ohne
1114 3599 1274 3668 Blutver-

148 3702 339 3791 giessen²)“·.
380 3703 460 3793 Luc,
474 3702 545 3770 VII
558 3705 601 3772 96
613 3689 685 3792 sqq.
702 3703 906 3798 describitur
922 3725 1037 3790 pugna
1052 3702 1143 3773 inter
1156 3707 1274 3791 partes

122 4031 124 4035 ι
243 4002 269 4066 1)
289 3997 330 4053 Ol.
345 4000 456 4074 Quintil.
476 4001 562 4055 instit.
581 4006 650 4054 oret.
670 4000 709 4052 IX
722 4005 775 4054 3.1
798 3999 838 4068 „si
850 4000 1025 4066 antiquorum
1039 4013 1191 4052 sermonem
1204 4013 1275 4050 com·

149 4103 288 4158 peremus,
307 4084 396 4156 p'eeue
415 4089 478 4156 iam,
497 4087 630 4162 quidquid
640 4089 786 4157 loquimur,
804 4087 894 4156 figura
912 4092 963 4154 est,
982 4092 1013 4140 ut
1031 4086 1084 4140 hac
1101 4101 1132 4140 re
1144 4083 1274 4153 invidere,

149 4193 206 4232 nou
224 4182 256 4231 ut
274 4193 366 4231 omues
385 4183 492 4232 veteres
511 4183 539 4232 et
558 4177 653 4232 Cicero
671 4178 827 4248 praecipue,
847 4176 912 4231 huic
930 4177 997 4236 rei“.

241 4269 270 4335 2)
290 4265 332 4320 cf.
351 4269 423 4320 Anu.
437 4267 524 4321 11139
554 4267 598 4336 „iu
624 4283 677 4334 quo
697 4267 828 4336 (proelio)
847 4266 974 4320 semermi
993 4266 1170 4334 copulantes
1190 4265 1276 4320 truci„

147 4357 212 4423 deti
229 4362 294 4411 suut
312 4355 397 4410 siue
416 4363 551 4421 nostro
570 4356 778 4424 sanguine“.

179 4463 291 4510 Robbert.
670 4465 675 4474 ⁸
1048 4449 1064 4496 ὅ
1113 4455 1115 4460 ’
