3138 5178
581 548 797 612 ..51-

129 721 237 790 Nemo
260 721 488 789 Romanorum
510 743 577 789 non
595 678 761 809 'cognovit
783 722 912 788 Lucani
943 719 1100 788 carminis
1132 718 1259 806 princi-

129 828 232 916 pium,
257 827 309 895 cui
331 827 449 894 insunt
471 827 553 894 haec
575 830 699 894 verba:
723 827 889 914 (Itsqq.)
911 850 913 853 ·

827 954 929 1038 rupto
952 949 1092 1028 foedere
1114 948 1214 1034 regni

293 1059 463 1124 certatum
485 1057 571 1122 totis
595 1056 797 1122 concussi
818 1056 948 1123 viribus
972 1050 1095 1121 orbis

189 1216 191 1222 s
291 1161 328 1226 in
350 1181 522 1227 commune
544 1160 673 1227 nefas“.

217 1283 357 1365 Quibus.
381 1305 511 1371 oppono
549 1281 722 1364 uersibus,
765 1303 860 1368 quae
885 1281 974 1348 dixit
1004 1281 1116 1358 Galba
1149 1281 1184 1347 in
1217 1302 1259 1346 ea

129 1407 240 1475 quam,
265 1409 337 1453 cum
361 1387 544 1473 adoptaret
568 1385 723 1453 Pisonem
745 1385 1012 1452 adulescentem.
1037 1385 1157 1452 habuit
1180 1406 1257 1451 ora-

127 1491 241 1558 tione:
265 1491 369 1574 (Hist.
386 1491 404 1556 Ι
421 1492 477 1573 16)
504 1491 575 1575 „Ne
598 1495 712 1557 tamen
734 1490 882 1558 territus¹
899 1489 1016 1572 fueris,
1051 1490 1080 1556 si
1103 1489 1188 1556 duae
1210 1488 1259 1578 le·
1287 1527 1293 1537 =
1356 1479 1359 1484 ’

128 1596 247 1682 giones
270 1597 306 1662 in
320 1598 383 1662 hoo
406 1596 605 1664 concussi
622 1618 647 1661 o
658 1619 676 1660 r
687 1595 753 1661 bis
775 1598 870 1661 motu
885 1595 1031 1674 nondum
1047 1595 1257 1682 quieseunr.

129 1701 247 1789 Neque
280 1701 368 1767 enim
398 1701 536 1788 propria
565 1701 647 1767 haec
680 1703 759 1766 sunt
780 1699 887 1767 verba
920 1700 1054 1766 solutae
1078 1692 1253 1781 orationis,

125 1806 194 1872 nisi
216 1809 309 1874 forte
325 1805 440 1873 Cicero
463 1805 616 1893 loquitur
639 1805 679 1872 de
698 1824 857 1872 concussa
878 1827 915 1872 re
938 1804 1083 1892 publica,
1108 1805 1166 1871 sed
1182 1826 1256 1872 cum

130 1911 246 1998 primis
269 1912 303 1976 in
326 1915 506 1998 poetarum
527 1909 675 1976 dictione
698 1910 839 1976 similem
868 1909 1054 1976 invenimus
1080 1910 1260 1996 ὑπερβολήν,

127 2037 216 2104 quae
238 2019 392 2098 vocatur,
417 2016 562 2103 exempli
583 2015 698 2100 gratia
721 2013 810 2102 apud
827 2015 933 2081 Lucr.
951 2015 1008 2081 Ill
1025 2016 1104 2081 834:

257 2139 367 2205 omnia
390 2161 464 2205 cum
489 2137 569 2205 belli
591 2137 727 2225 trepido
750 2153 909 2204 concussa
931 2138 1091 2214 tumultu,

256 2243 396 2309 horrida
418 2246 650 2309 contremuere
673 2245 733 2309 sub
757 2241 838 2310 altis
862 2241 1016 2312 aetheris.
1036 2243 1104 2309 oris
1117 2244 1137 2327 ¹)

132 2365 248 2432 Alium
269 2365 454 2454 producam
476 2365 596 2447 locum,
618 2365 677 2432 ubi
699 2368 840 2433 verbum
855 2366 994 2453 propria
1009 2365 1258 2454 significatione

131 2471 232 2542 haud,
244 2472 295 2537 ita
317 2471 493 2538 insolitum
514 2471 672 2538 iunctura
691 2494 815 2539 novum
829 2471 1050 2538 reddiderunt
1066 2479 1101 2540 et
1118 2472 1257 2540 Tacitus
1355 2505 1358 2511 ·

127 2580 165 2642 a
188 2558 352 2644 suanus.
399 2575 455 2642 Aa
477 2576 557 2642 uuo.
584 2575 674 2640 v44
772 2635 773 2639 a

296 2686 450 2765 nostrum
474 2700 692 2766 exhausto
714 2699 767 2766 ius
793 2699 963 2766 clauditur
985 2721 1092 2767 anno
1186 2779 1187 2782 Ἴ

125 2830 197 2896 iam
227 2830 376 2897 Haskins
408 2830 532 2898 attulit
564 2831 643 2898 Tac.
673 2831 764 2898 Hist.
788 2831 841 2897 IV
855 2833 896 2897 29
938 2833 1004 2916 „sic
1043 2831 1257 2900 exhausta

129 2938 249 3002 nocte
264 2957 386 3002 novam
398 2935 503 3002 aciem
514 2935 585 3002 dies
599 2937 767 3022 aperuit“.
794 2936 944 3002 Primum
958 2959 1027 3003 non
1040 2937 1196 3006 omittam
1208 2937 1257 3003 di·

126 3062 205 3107 cere
218 3040 366 3107 orationi
379 3063 452 3107 esse
464 3040 596 3106 inserta
609 3042 721 3123 verba,
730 3079 732 3083 ·
741 3039 880 3107 Lentuli
890 3040 973 3125 dico,
997 3041 1136 3129 Pompei
1147 3043 1256 3125 amici,

126 3148 171 3212 ut
193 3141 325 3212 omnino
350 3145 519 3228 orationes
543 3145 706 3234 imprimis
729 3147 858 3213 Lucani
880 3146 1085 3232 dignabatur
1107 3147 1254 3230 Tacitus,

130 3273 149 3316 e
173 3250 292 3337 quibus
316 3254 513 3336 excerperet
535 3250 674 3316 insolita
696 3251 797 3317 dicta.
843 3251 942 3318 Infra
973 3273 1104 3339 quoque
1126 3251 1255 3319 videbi·

126 3343 201 3420 mus
224 3356 386 3442 imprimis
418 3357 509 3441 ipsas
532 3354 661 3421 Lucani
684 3357 856 3424 orationes
879 3356 992 3423 Taciti
1014 3357 1120 3423 menti
1141 3356 1255 3423 inhae-

133 3501 336 3508 ——-·—-———--——

221 3574 246 3636 1)
267 3567 308 3622 ef.
328 3569 431 3622 Heinze
450 3567 486 3622 ad
506 3567 585 3622 Lucr.
606 3567 727 3621 111384:
753 3567 838 3634 „Dem
858 3567 1034 3636 Gegenstand
1053 3569 1254 3638 entsprcchend

125 3658 227 3712 crhcbt
246 3658 304 3712 sich
323 3659 383 3711 hier
409 3656 453 3711 die
473 3658 594 3726 Sprache
622 3654 656 3711 zu
682 3657 819 3726 episohem
838 3657 972 3726 Schwung
1098 3659 1150 3712 Die
1169 3659 1255 3714 Verse

130 3747 210 3816 (oder
229 3748 273 3800 ihr
292 3745 440 3816 Vorbildl)
459 3747 549 3801 haben
568 3748 670 3817 grosseir
689 3745 832 3801 Eindruck
855 3747 996 3816 gemacht,
1022 3749 1072 3802 wie
1092 3750 1255 3814 zahlreiche‚

133 3838 229 3905 langst
262 3836 462 3904 ausgewiesene
488 3837 667 3905 Nachklunge
701 3837 746 3890 bei
771 3836 905 3904 spateren
933 3837 1075 3893 beweiseu.
1118 3838 1188 3908 (Col.
1208 3841 1255 3908 34)

133 3926 199 3978 Luc.
219 3925 315 3978 Phars.
336 3925 347 3976 l
367 3928 419 3979 304
445 3942 514 3992 „non
540 3941 618 3979 secus
638 3915 742 3993 ingenti
764 3925 896 3978 bellorum
916 3925 1004 3979 Roma
1021 3927 1141 3980 tumultu
1159 3944 1255 3984 concu-

130 4017 207 4080 titur,
234 4029 314 4082 quam
334 4015 357 4067 si
375 4014 482 4068 Poenus
501 4013 703 4068 transcenderit
722 4015 806 4084 Alpes
825 4013 988 4069 Hannibal“.
1025 4016 1128 4084 Iterum
1147 4019 1256 4086 poetico

129 4103 190 4161 fere
208 4103 300 4158 colore
318 4103 372 4156 loci
386 4102 492 4158 Tacitei
511 4103 687 4157 confirmatur
706 4104 864 4164 coniectura
882 4110 992 4176 poetam
1008 4103 1094 4158 fuisse
1107 4107 1256 4174 exemplar-

127 4223 168 4235 -
191 4193 333 4247 ‘Similibus
362 4183 452 4247 verbis
481 4191 595 4246 eandam
622 4192 681 4247 fere
705 4207 762 4247 rem
783 4193 911 4260 exprimit
929 4193 1042 4247 Tacitus
1061 4194 1131 4248 Hist.
1151 4194 1254 4250 11149:

128 4281 219 4350 „Dum
256 4283 323 4335 hac
355 4283 472 4336 totius
505 4283 606 4336 orbis
638 4283 832 4336 nutatione
863 4281 975 4338 fortuna
1006 4283 1114 4353 imperii
1146 4275 1256 4351 transit,

135 4371 244 4426 Primus
262 4371 398 4424 Antonius
418 4385 588 4439 nequaquam
609 4371 670 4439 pari
688 4371 843 4425 innocentia
869 4377 933 4438 post
952 4372 1110 4425 Cremonam
1130 4373 1257 4440 agebat“.

1006 4463 1022 4512 4
1032 4463 1046 4493 >t
