3138 5178
610 531 826 596 ..67-

674 704 721 770 sic
745 704 1007 792 deflagrare
1028 705 1174 771 minaces

244 810 412 878 incassum
435 812 471 876 et
494 810 604 876 vetito
628 832 747 897 passus
770 809 987 896 languescere
1009 809 1108 891 bello,
1216 847 1218 858 κ

244 915 424 982 substituit
447 937 556 980 merso
581 913 659 979 dum
678 912 747 980 'nox
772 935 832 980 sua
854 914 981 981 lumina
1005 913 1148 980 Phoebo.

152 1057 239 1124 Cum
256 1055 308 1122 his
325 1057 449 1138 verbis,
466 1043 533 1123 'illc
556 1056 720 1144 imprimis
745 1039 963 1143 deflagrandi,
987 1059 1071 1143 puto
1095 1077 1167 1122 esse
1190 1075 1283 1146 com·¹
1415 1044 1419 1050 ¹

153 1161 345 1250 ponendum
368 1161 480 1227 Taciti
503 1160 587 1227 illud
611 1159 855 1246 (Hisa1129):
883 1160 986 1243 ,Tum
1003 1159 1148 1226 Alfenus
1166 1161 1281 1226 Varus
1297 1218 1299 1222 .

153 1266 349 1355 praefectus
359 1268 557 1346 castrorum,
572 1265 853 1351 deflagrante
869 1265 1034 1353 paulatim
1050 1264 1280 1346 seditione,

152 1371 253 1439 addit
275 1369 480 1436 consilium“.
534 1371 668 1451 Quare
691 1391 909 1452 commovear,
943 1372 984 1435 ut
1008 1370 1154 1457 aliquam
1177 1372 1279 1436 ratio·

155 1501 234 1546 nem
256 1475 466 1543 intercedere
488 1470 579 1542 inter
603 1498 669 1557 ecs
704 1469 745 1542 de
770 1477 888 1562 quibus
912 1476 1091 1564 loquimur,
1123 1478 1281 1543 auctores

154 1603 317 1658 censeam,
335 1581 455 1647 statim
469 1581 654 1668 explicabo.
678 1581 926 1668 Praeterquam
942 1581 1031 1668 quod
1046 1603 1100 1648 res
1114 1585 1279 1647 narratae

156 1687 257 1756 valde
279 1688 370 1752 inter
393 1671 671 1766 se'ccnccrdant,
707 1686 749 1752 de
772 1689 876 1753 verbo
909 1685 1121 1773 deflagrandi
1142 1686 1205 1752 hoc
1228 1688 1283 1752 est
1410 1715 1411 1721 ¹

158 1791 349 1858 dicendum:
374 1791 556 1858 adhibetur
570 1792 715 1878 primum
731 1791 845 1858 eodem
856 1809 963 1858 ¹sensu
978 1779 1086 1877 atque
1109 1790 1280 1873 ,incendio

155 1899 296 1979 absumi,
320 1896 457 1978 deleri“,
482 1900 521 1962 ut
536 1896 627 1982 apud
643 1895 839 1962 Ciceronem
862 1900 898 1963 et
913 1891 1057 1974 Livium,
1080 1899 1154 1961 tum
1169 1899 1280 1961 trans·

156 2003 240 2082 late,
271 2005 311 2067 ut
334 2025 371 2067 eo
406 2023 504 2090 quem
537 2023 624 2068 nunc
646 2005 833 2068 tractamus
856 2001 940 2084 loco,
976 1999 1146 2084 significat
1173 2001 1282 2082 ,miti-

155 2107 244 2194 gari,
268 2110 499 2186 evanescere“,
523 2128 588 2192 quo
611 2128 711 2172 sensu
734 2107 884 2172 occurrit
905 2106 1086 2172 rarissime.
1132 2102 1282 2170 Primum

154 2213 206 2278 sic
228 2212 374 2279 occurrit
396 2211 485 2301 apud
500 2205 634 2276 Livium
659 2211 723 2296 (40,
740 2212 771 2276 8.
787 2212 829 2296 9),
854 2211 911 2276 ubi
927 2212 1043 2297 agitur
1058 2210 1100 2276 de
1111 2209 1280 2297 Philippo,

158 2317 376 2382 Macedonum
407 2339 503 2402 rege,
536 2315 623 2406 filius
657 2338 733 2381 suos
766 2315 934 2382 discordes
966 2315 1126 2382 Perseum
1156 2319 1191 2380 et
1214 2315 1281 2381 De-

157 2423 314 2488 metrium
337 2420 556 2506 adloquente:
585 2421 663 2504 ,sed
685 2420 855 2487 interdum
879 2443 954 2506 spes
978 2421 1125 2486 animum
1148 2421 1297 2514 subibat

158 2527 419 2612 deflagrare
450 2525 519 2591 iras
551 2535 684 2592 vestras
711 2529 787 2590 ...⁶¹
820 2525 949 2592 Lucani
983 2527 1102 2592 auctor
1134 2525 1284 2590 fortasse

159 2634 217 2698 est
249 2630 385 2710 Livius,
425 2630 580 2696 Tacitum
618 2653 700 2698 vero
734 2617 820 2696 nihil
858 2632 975 2696 obstat
1013 2630 1093 2716 quin
1126 2632 1285 2716 putemus

159 2736 286 2802 sectari
308 2729 489 2818 Lucanum,
514 2736 716 2821 praesertim
738 2758 820 2816 cum,
845 2735 973 2801 utiam
996 2734 1076 2815 dixi,
1100 2735 1185 2800 mire
1207 2756 1283 2799 con·

159 2844 290 2926 gruant
311 2840 386 2907 loci.
1129 2916 1134 2926 Ι

248 2946 356 3031 Magis
378 2947 445 3012 iam
462 2950 515 3012 est
530 2944 749 3012 diffidendum
763 2945 917 3033 proximo
933 2945 1015 3011 loco.
1061 2944 1139 3009 Luc.
1153 2943 1205 3009 IV
1218 2942 1285 3006 264

158 3050 252 3137 apud
274 3049 423 3117 Ilerdam
438 3049 558 3116 'hostes

140 3196 152 3212 ⁸
265 3260 271 3265 ,
308 3192 423 3279 inopes
446 3190 556 3259 undae
579 3193 822 3278 praerupta
844 3190 980 3276 cingere
1003 3190 1126 3256 fossa

216 3293 222 3358 s
309 3295 436 3362 Caesar
456 3299 557 3380 avet,

155 3435 197 3502 id
219 3439 273 3503 est
295 3437 395 3518 fossa,
421 3437 513 3502 cuius
536 3435 650 3502 latera
673 3438 753 3502 sunt
776 3435 986 3523 praecipitia
1030 3435 1153 3501 Elucet
1175 3435 1287 3520 igitur
1409 3432 1411 3437 ’

158 3541 332 3608 Lucanum
355 3542 399 3624 id,
423 3541 512 3628 quod
536 3539 768 3606 dementibus
791 3545 827 3606 et
850 3541 989 3628 rupibus
1014 3541 1200 3621 dicebatur,
1233 3540 1284 3604 in-

157 3647 266 3713 solita
281 3646 413 3713 dicendi
428 3647 561 3712 ratione
576 3645 798 3712 transtulisse
813 3647 849 3711 in
865 3647 992 3730 fossas5
1017 3644 1284 3732 quantumenim

121 3738 126 3744 ¹
161 3751 271 3832 video,
295 3751 357 3818 hac
380 3752 608 3818 attributione
624 3750 706 3816 alibi
726 3753 864 3818 verbum
880 3751 990 3817 fossae
1005 3770 1073 3816 non
1089 3750 1284 3816 denotatur.

161 3856 284 3942 Itaque
308 3856 479 3922 Lucanum
502 3855 626 3942 respici
649 3877 669 3920 a
693 3849 812 3922 Tacito
836 3872 970 3936 censeo,
1003 3855 1062 3943 qui
1085 3855 1174 3920 Hist.
1190 3854 1283 3919 1141

157 3959 248 4027 dicit
272 3959 313 4026 de
337 3982 449 4046 pugna
471 3960 562 4026 inter
578 3958 787 4025 Othonianos
809 3963 846 4026 et
862 3959 1067 4037 Vitellianos
1090 3959 1133 4026 ad
1156 3957 1286 4025 Padum

160 4065 286 4133 flumen
309 4064 417 4131 facta:
445 4063 567 4150 ,Apud
589 4063 797 4129 Othonianos
821 4063 937 4151 pavidi
960 4063 1077 4146 duceS,
1107 4063 1203 4129 miles
1226 4063 1285 4127 du-

161 4169 256 4236 cibus
279 4169 440 4251 infensus,
464 4169 571 4235 mixta
594 4168 749 4234 vehicula
772 4173 807 4236 et
829 4169 933 4251 lixae,
967 4173 1004 4236 et
1025 4168 1284 4256 praeruptis

161 4275 381 4360 utrimque
403 4274 539 4340 fossis
572 4273 629 4338 via
651 4273 767 4360 quieto
797 4295 927 4360 quoque
957 4273 1084 4358 agmini
1106 4274 1284 4358 angustat

160 4379 233 4448 hac
250 4400 316 4444 nna
331 4401 369 4444 re
392 4381 505 4444 tamen
530 4377 632 4443 dubia
654 4377 861 4465 relinquitur
882 4399 958 4444 mea
981 4377 1161 4445 sententia.
1191 4375 1287 4443 Dicit

795 4486 797 4492 .
1037 4483 1077 4534 5*
